DateTime	SlaveNum	Cycle	Mode	SupplyVolts	LSupplyVolts	SupplyAmps	PWM	SecTimer	AvgCellVolts	MaxCellVolts	AvgIR	FallBackVolts	CVStarted	SlowAmps	AvgAmps	FastAmps	SetAmps	AhrIN	AhrOUT	PackVolts	AvgPackVolts	Fuel1	SumError	Cell1Volts	Cell2Volts	Cell3Volts	Cell4Volts	Cell5Volts	Cell6Volts	Cell7Volts	Cell8Volts	Cell9Volts	Cell10Volts	Cell11Volts	Cell12Volts	Cell13Volts	Cell14Volts	Cell15Volts	Cell16Volts	Cell1IR	Cell2IR	Cell3IR	Cell4IR	Cell5IR	Cell6IR	Cell7IR	Cell8IR	Cell9IR	Cell10IR	Cell11IR	Cell12IR	Cell13IR	Cell14IR	Cell15IR	Cell16IR	BP1PWM	BP2PWM	BP3PWM	BP4PWM	BP5PWM	BP6PWM	BP7PWM	BP8PWM	BP9PWM	BP10PWM	BP11PWM	BP12PWM	BP13PWM	BP14PWM	BP15PWM	BP16PWM	Debug1	Debug2	Debug3	
12/28/2014 4:19:37 PM	0	0	8	15.31	15.45	0	0	6	4.204	4.2085	0	0	False	0	0	-0.03333334	0.25	0	0	33.612	33.612	-1	0.046	4.204	4.204	4.204	4.204	4.204	4.204	4.204	4.204	0	0	0	0	0	0	0	0	0	0	0	0	0	0	0	0	0	0	0	0	0	0	0	0	0	0	0	0	0	0	0	0	0	0	0	0	0	0	0	0	0	0	0	
12/28/2014 4:19:41 PM	0	0	8	15.31	15.45	0	4	10	4.204	4.2085	0	0	False	0	0	0	0.25	0	0	33.612	33.612	-1	0.046	4.204	4.204	4.204	4.204	4.204	4.204	4.204	4.204	0	0	0	0	0	0	0	0	0	0	0	0	0	0	0	0	0	0	0	0	0	0	0	0	0	0	0	0	0	0	0	0	0	0	0	0	0	0	0	0	0	0	0	
12/28/2014 4:19:51 PM	0	0	8	15.31	15.45	0	54	20	4.204	4.2085	0	0	False	-0.001666667	0	0	0.25	0	0	33.612	33.612	-1	0.057	4.204	4.204	4.204	4.204	4.204	4.204	4.204	4.204	0	0	0	0	0	0	0	0	0	0	0	0	0	0	0	0	0	0	0	0	0	0	0	0	0	0	0	0	0	0	0	0	0	0	0	0	0	0	0	0	0	0	0	
12/28/2014 4:20:02 PM	0	0	8	15.31	15.45	0	104	30	4.204	4.2085	0	0	False	-0.003333333	0	-0.015	0.25	0	0	33.612	33.612	-1	0.034	4.204	4.204	4.204	4.204	4.204	4.204	4.204	4.204	0	0	0	0	0	0	0	0	0	0	0	0	0	0	0	0	0	0	0	0	0	0	0	0	0	0	0	0	0	0	0	0	0	0	0	0	0	0	0	0	0	0	0	
12/28/2014 4:20:12 PM	0	0	8	15.31	15.45	0	154	40	4.204	4.2085	0	0	False	-0.01333333	-0.03	-0.03666667	0.25	0	0.0001	33.612	33.612	-1	0.046	4.204	4.204	4.204	4.204	4.204	4.204	4.204	4.204	0	0	0	0	0	0	0	0	0	0	0	0	0	0	0	0	0	0	0	0	0	0	0	0	0	0	0	0	0	0	0	0	0	0	0	0	0	0	0	0	0	0	0	
12/28/2014 4:20:22 PM	0	0	8	15.31	15.45	0	204	50	4.203	4.2073	0	0	False	-0.03166667	-0.07166667	-0.09	0.25	0	0.0003	33.6	33.6	-1	0.046	4.203	4.203	4.203	4.203	4.203	4.203	4.203	4.203	0	0	0	0	0	0	0	0	0	0	0	0	0	0	0	0	0	0	0	0	0	0	0	0	0	0	0	0	0	0	0	0	0	0	0	0	0	0	0	0	0	0	0	
12/28/2014 4:20:32 PM	0	0	8	15.31	15.45	0	256	61	4.202	4.206	0	0	False	-0.05833333	-0.115	-0.145	0.25	0	0.0006	33.6	33.589	-1	0.046	4.202	4.202	4.202	4.202	4.202	4.202	4.202	4.202	0	0	0	0	0	0	0	0	0	0	0	0	0	0	0	0	0	0	0	0	0	0	0	0	0	0	0	0	0	0	0	0	0	0	0	0	0	0	0	0	0	0	0	
12/28/2014 4:20:42 PM	0	0	8	15.31	15.45	0	306	71	4.201	4.205	0	0	False	-0.09166667	-0.1566667	-0.2033333	0.25	0	0.0011	33.577	33.589	-1	0.046	4.201	4.201	4.201	4.201	4.201	4.201	4.201	4.201	0	0	0	0	0	0	0	0	0	0	0	0	0	0	0	0	0	0	0	0	0	0	0	0	0	0	0	0	0	0	0	0	0	0	0	0	0	0	0	0	0	0	0	
12/28/2014 4:20:52 PM	0	0	8	15.31	15.45	0	352	81	4.2	4.2033	0	0	False	-0.125	-0.1983333	-0.2483333	0.25	0	0.0017	33.566	33.582	-1	0.046	4.2	4.2	4.2	4.2	4.2	4.2	4.2	4.2	0	0	0	0	0	0	0	0	0	0	0	0	0	0	0	0	0	0	0	0	0	0	0	0	0	0	0	0	0	0	0	0	0	0	0	0	0	0	0	0	0	0	0	
12/28/2014 4:21:02 PM	0	0	8	15.31	15.45	0	350	91	4.198	4.2018	0	0	False	-0.1633333	-0.24	-0.2483333	0.25	0	0.0024	33.566	33.577	-1	0.034	4.198	4.198	4.198	4.198	4.198	4.198	4.198	4.198	0	0	0	0	0	0	0	0	0	0	0	0	0	0	0	0	0	0	0	0	0	0	0	0	0	0	0	0	0	0	0	0	0	0	0	0	0	0	0	0	0	0	0	
12/28/2014 4:21:13 PM	0	0	8	15.31	15.45	0	350	101	4.197	4.2001	0	0	False	-0.1983333	-0.25	-0.2483333	0.25	0	0.0031	33.554	33.566	-1	0.034	4.197	4.197	4.197	4.197	4.197	4.197	4.197	4.197	0	0	0	0	0	0	0	0	0	0	0	0	0	0	0	0	0	0	0	0	0	0	0	0	0	0	0	0	0	0	0	0	0	0	0	0	0	0	0	0	0	0	0	
12/28/2014 4:21:23 PM	0	0	8	15.31	15.45	0	348	111	4.195	4.199	0	0	False	-0.215	-0.2516667	-0.2483333	0.25	0	0.0038	33.543	33.554	-1	0.046	4.195	4.195	4.195	4.195	4.195	4.195	4.195	4.195	0	0	0	0	0	0	0	0	0	0	0	0	0	0	0	0	0	0	0	0	0	0	0	0	0	0	0	0	0	0	0	0	0	0	0	0	0	0	0	0	0	0	0	
12/28/2014 4:21:33 PM	0	0	8	15.31	15.45	0	350	121	4.194	4.1983	0	0	False	-0.2316667	-0.2516667	-0.2483333	0.25	0	0.0045	33.543	33.547	-1	0.046	4.194	4.194	4.194	4.194	4.194	4.194	4.194	4.194	0	0	0	0	0	0	0	0	0	0	0	0	0	0	0	0	0	0	0	0	0	0	0	0	0	0	0	0	0	0	0	0	0	0	0	0	0	0	0	0	0	0	0	
12/28/2014 4:21:43 PM	0	0	8	15.31	15.45	0	348	131	4.193	4.1973	0	0	False	-0.2483333	-0.25	-0.2483333	0.25	0	0.0052	33.531	33.539	-1	0.034	4.193	4.193	4.193	4.193	4.193	4.193	4.193	4.193	0	0	0	0	0	0	0	0	0	0	0	0	0	0	0	0	0	0	0	0	0	0	0	0	0	0	0	0	0	0	0	0	0	0	0	0	0	0	0	0	0	0	0	
12/28/2014 4:21:53 PM	0	0	8	15.31	15.45	0	350	141	4.192	4.196	0	0	False	-0.2483333	-0.2516667	-0.2483333	0.25	0	0.0059	33.52	33.531	-1	0.034	4.192	4.192	4.192	4.192	4.192	4.192	4.192	4.192	0	0	0	0	0	0	0	0	0	0	0	0	0	0	0	0	0	0	0	0	0	0	0	0	0	0	0	0	0	0	0	0	0	0	0	0	0	0	0	0	0	0	0	
12/28/2014 4:22:03 PM	0	0	8	15.31	15.45	0	354	151	4.191	4.1951	0	0	False	-0.25	-0.25	-0.2533333	0.25	0	0.0066	33.508	33.524	-1	0.046	4.191	4.191	4.191	4.191	4.191	4.191	4.191	4.191	0	0	0	0	0	0	0	0	0	0	0	0	0	0	0	0	0	0	0	0	0	0	0	0	0	0	0	0	0	0	0	0	0	0	0	0	0	0	0	0	0	0	0	
12/28/2014 4:22:13 PM	0	0	8	15.31	15.45	0	352	161	4.191	4.1948	0	0	False	-0.25	-0.2483333	-0.2483333	0.25	0	0.0073	33.508	33.519	-1	0.034	4.191	4.191	4.191	4.191	4.191	4.191	4.191	4.191	0	0	0	0	0	0	0	0	0	0	0	0	0	0	0	0	0	0	0	0	0	0	0	0	0	0	0	0	0	0	0	0	0	0	0	0	0	0	0	0	0	0	0	
12/28/2014 4:22:24 PM	0	0	8	15.31	15.45	0	354	172	4.19	4.1934	0	0	False	-0.2483333	-0.2483333	-0.2483333	0.25	0	0.0081	33.497	33.508	-1	0.034	4.19	4.19	4.19	4.19	4.19	4.19	4.19	4.19	0	0	0	0	0	0	0	0	0	0	0	0	0	0	0	0	0	0	0	0	0	0	0	0	0	0	0	0	0	0	0	0	0	0	0	0	0	0	0	0	0	0	0	
12/28/2014 4:22:34 PM	0	0	8	15.31	15.45	0	348	182	4.189	4.1928	0	0	False	-0.2533333	-0.2533333	-0.2483333	0.25	0	0.0088	33.486	33.499	-1	0.046	4.189	4.189	4.189	4.189	4.189	4.189	4.189	4.189	0	0	0	0	0	0	0	0	0	0	0	0	0	0	0	0	0	0	0	0	0	0	0	0	0	0	0	0	0	0	0	0	0	0	0	0	0	0	0	0	0	0	0	
12/28/2014 4:22:44 PM	0	0	8	15.31	15.45	0	354	192	4.188	4.1919	0	0	False	-0.25	-0.25	-0.2483333	0.25	0	0.0095	33.474	33.493	-1	0.046	4.188	4.188	4.188	4.188	4.188	4.188	4.188	4.188	0	0	0	0	0	0	0	0	0	0	0	0	0	0	0	0	0	0	0	0	0	0	0	0	0	0	0	0	0	0	0	0	0	0	0	0	0	0	0	0	0	0	0	
12/28/2014 4:22:55 PM	0	0	8	15.31	15.45	0	354	202	4.187	4.191	0	0	False	-0.25	-0.2483333	-0.2483333	0.25	0	0.0101	33.474	33.486	-1	0.046	4.187	4.187	4.187	4.187	4.187	4.187	4.187	4.187	0	0	0	0	0	0	0	0	0	0	0	0	0	0	0	0	0	0	0	0	0	0	0	0	0	0	0	0	0	0	0	0	0	0	0	0	0	0	0	0	0	0	0	
12/28/2014 4:23:04 PM	0	0	8	15.31	15.45	0	356	212	4.186	4.1901	0	0	False	-0.2483333	-0.25	-0.2516667	0.25	0	0.0108	33.463	33.483	-1	0.046	4.186	4.186	4.186	4.186	4.186	4.186	4.186	4.186	0	0	0	0	0	0	0	0	0	0	0	0	0	0	0	0	0	0	0	0	0	0	0	0	0	0	0	0	0	0	0	0	0	0	0	0	0	0	0	0	0	0	0	
12/28/2014 4:23:14 PM	0	0	8	15.31	15.45	0	354	222	4.185	4.1896	0	0	False	-0.2483333	-0.25	-0.2483333	0.25	0	0.0115	33.463	33.474	-1	0.034	4.185	4.185	4.185	4.185	4.185	4.185	4.185	4.185	0	0	0	0	0	0	0	0	0	0	0	0	0	0	0	0	0	0	0	0	0	0	0	0	0	0	0	0	0	0	0	0	0	0	0	0	0	0	0	0	0	0	0	
12/28/2014 4:23:24 PM	0	0	8	15.31	15.45	0	356	231	4.184	4.1884	0	0	False	-0.2483333	-0.2483333	-0.2483333	0.25	0	0.0122	33.451	33.464	-1	0.046	4.184	4.184	4.184	4.184	4.184	4.184	4.184	4.184	0	0	0	0	0	0	0	0	0	0	0	0	0	0	0	0	0	0	0	0	0	0	0	0	0	0	0	0	0	0	0	0	0	0	0	0	0	0	0	0	0	0	0	
12/28/2014 4:23:35 PM	0	0	8	15.31	15.45	0	356	242	4.184	4.1876	0	0	False	-0.2483333	-0.2483333	-0.2483333	0.25	0	0.0129	33.451	33.462	-1	0.046	4.184	4.184	4.184	4.184	4.184	4.184	4.184	4.184	0	0	0	0	0	0	0	0	0	0	0	0	0	0	0	0	0	0	0	0	0	0	0	0	0	0	0	0	0	0	0	0	0	0	0	0	0	0	0	0	0	0	0	
12/28/2014 4:23:45 PM	0	0	8	15.31	15.45	0	354	252	4.183	4.1873	0	0	False	-0.2533333	-0.25	-0.2483333	0.25	0	0.0136	33.44	33.451	-1	0.046	4.183	4.183	4.183	4.183	4.183	4.183	4.183	4.183	0	0	0	0	0	0	0	0	0	0	0	0	0	0	0	0	0	0	0	0	0	0	0	0	0	0	0	0	0	0	0	0	0	0	0	0	0	0	0	0	0	0	0	
12/28/2014 4:23:55 PM	0	0	8	15.31	15.45	0	352	262	4.182	4.186	0	0	False	-0.2516667	-0.25	-0.2483333	0.25	0	0.0143	33.44	33.451	-1	0.034	4.182	4.182	4.182	4.182	4.182	4.182	4.182	4.182	0	0	0	0	0	0	0	0	0	0	0	0	0	0	0	0	0	0	0	0	0	0	0	0	0	0	0	0	0	0	0	0	0	0	0	0	0	0	0	0	0	0	0	
12/28/2014 4:24:05 PM	0	0	8	15.31	15.45	0	358	272	4.181	4.1859	0	0	False	-0.25	-0.2483333	-0.2516667	0.25	0	0.015	33.428	33.44	-1	0.046	4.181	4.181	4.181	4.181	4.181	4.181	4.181	4.181	0	0	0	0	0	0	0	0	0	0	0	0	0	0	0	0	0	0	0	0	0	0	0	0	0	0	0	0	0	0	0	0	0	0	0	0	0	0	0	0	0	0	0	
12/28/2014 4:24:15 PM	0	0	8	15.31	15.45	0	352	283	4.18	4.1847	0	0	False	-0.25	-0.2516667	-0.2516667	0.25	0	0.0158	33.417	33.437	-1	0.046	4.18	4.18	4.18	4.18	4.18	4.18	4.18	4.18	0	0	0	0	0	0	0	0	0	0	0	0	0	0	0	0	0	0	0	0	0	0	0	0	0	0	0	0	0	0	0	0	0	0	0	0	0	0	0	0	0	0	0	
12/28/2014 4:24:25 PM	0	0	8	15.31	15.45	0	352	293	4.179	4.1836	0	0	False	-0.25	-0.2516667	-0.2483333	0.25	0	0.0165	33.417	33.427	-1	0.034	4.179	4.179	4.179	4.179	4.179	4.179	4.179	4.179	0	0	0	0	0	0	0	0	0	0	0	0	0	0	0	0	0	0	0	0	0	0	0	0	0	0	0	0	0	0	0	0	0	0	0	0	0	0	0	0	0	0	0	
12/28/2014 4:24:35 PM	0	0	8	15.31	15.45	0	350	303	4.179	4.1835	0	0	False	-0.25	-0.2533333	-0.2483333	0.25	0	0.0172	33.405	33.42	-1	0.034	4.179	4.179	4.179	4.179	4.179	4.179	4.179	4.179	0	0	0	0	0	0	0	0	0	0	0	0	0	0	0	0	0	0	0	0	0	0	0	0	0	0	0	0	0	0	0	0	0	0	0	0	0	0	0	0	0	0	0	
12/28/2014 4:24:46 PM	0	0	8	15.31	15.45	0	356	313	4.178	4.1823	0	0	False	-0.2483333	-0.25	-0.2533333	0.25	0	0.0179	33.405	33.417	-1	0.034	4.178	4.178	4.178	4.178	4.178	4.178	4.178	4.178	0	0	0	0	0	0	0	0	0	0	0	0	0	0	0	0	0	0	0	0	0	0	0	0	0	0	0	0	0	0	0	0	0	0	0	0	0	0	0	0	0	0	0	
12/28/2014 4:24:56 PM	0	0	8	15.31	15.45	0	354	323	4.177	4.1817	0	0	False	-0.25	-0.2516667	-0.2483333	0.25	0	0.0186	33.405	33.408	-1	0.034	4.177	4.177	4.177	4.177	4.177	4.177	4.177	4.177	0	0	0	0	0	0	0	0	0	0	0	0	0	0	0	0	0	0	0	0	0	0	0	0	0	0	0	0	0	0	0	0	0	0	0	0	0	0	0	0	0	0	0	
12/28/2014 4:25:06 PM	0	0	8	15.31	15.45	0	354	333	4.176	4.181	0	0	False	-0.25	-0.2516667	-0.2483333	0.25	0	0.0193	33.382	33.403	-1	0.046	4.176	4.176	4.176	4.176	4.176	4.176	4.176	4.176	0	0	0	0	0	0	0	0	0	0	0	0	0	0	0	0	0	0	0	0	0	0	0	0	0	0	0	0	0	0	0	0	0	0	0	0	0	0	0	0	0	0	0	
12/28/2014 4:25:16 PM	0	0	8	15.31	15.45	0	356	343	4.175	4.1801	0	0	False	-0.2516667	-0.2483333	-0.2483333	0.25	0	0.02	33.382	33.394	-1	0.046	4.175	4.175	4.175	4.175	4.175	4.175	4.175	4.175	0	0	0	0	0	0	0	0	0	0	0	0	0	0	0	0	0	0	0	0	0	0	0	0	0	0	0	0	0	0	0	0	0	0	0	0	0	0	0	0	0	0	0	
12/28/2014 4:25:26 PM	0	0	8	15.31	15.45	0	352	352	4.175	4.1797	0	0	False	-0.25	-0.2516667	-0.2516667	0.25	0	0.0206	33.382	33.394	-1	0.034	4.175	4.175	4.175	4.175	4.175	4.175	4.175	4.175	0	0	0	0	0	0	0	0	0	0	0	0	0	0	0	0	0	0	0	0	0	0	0	0	0	0	0	0	0	0	0	0	0	0	0	0	0	0	0	0	0	0	0	
12/28/2014 4:25:36 PM	0	0	8	15.31	15.45	0	352	363	4.174	4.1788	0	0	False	-0.25	-0.2516667	-0.2533333	0.25	0	0.0214	33.371	33.382	-1	0.046	4.174	4.174	4.174	4.174	4.174	4.174	4.174	4.174	0	0	0	0	0	0	0	0	0	0	0	0	0	0	0	0	0	0	0	0	0	0	0	0	0	0	0	0	0	0	0	0	0	0	0	0	0	0	0	0	0	0	0	
12/28/2014 4:25:46 PM	0	0	8	15.31	15.45	0	354	373	4.173	4.1781	0	0	False	-0.25	-0.2533333	-0.2533333	0.25	0	0.0221	33.359	33.38	-1	0.046	4.173	4.173	4.173	4.173	4.173	4.173	4.173	4.173	0	0	0	0	0	0	0	0	0	0	0	0	0	0	0	0	0	0	0	0	0	0	0	0	0	0	0	0	0	0	0	0	0	0	0	0	0	0	0	0	0	0	0	
12/28/2014 4:25:57 PM	0	0	8	15.31	15.45	0	354	383	4.172	4.1773	0	0	False	-0.25	-0.2516667	-0.2483333	0.25	0	0.0228	33.359	33.371	-1	0.046	4.172	4.172	4.172	4.172	4.172	4.172	4.172	4.172	0	0	0	0	0	0	0	0	0	0	0	0	0	0	0	0	0	0	0	0	0	0	0	0	0	0	0	0	0	0	0	0	0	0	0	0	0	0	0	0	0	0	0	
12/28/2014 4:26:07 PM	0	0	8	15.31	15.45	0	352	393	4.172	4.1768	0	0	False	-0.25	-0.25	-0.2433333	0.25	0	0.0235	33.348	33.367	-1	0.046	4.172	4.172	4.172	4.172	4.172	4.172	4.172	4.172	0	0	0	0	0	0	0	0	0	0	0	0	0	0	0	0	0	0	0	0	0	0	0	0	0	0	0	0	0	0	0	0	0	0	0	0	0	0	0	0	0	0	0	
12/28/2014 4:26:17 PM	0	0	8	15.31	15.45	0	354	404	4.171	4.176	0	0	False	-0.25	-0.25	-0.2483333	0.25	0	0.0242	33.348	33.359	-1	0.046	4.171	4.171	4.171	4.171	4.171	4.171	4.171	4.171	0	0	0	0	0	0	0	0	0	0	0	0	0	0	0	0	0	0	0	0	0	0	0	0	0	0	0	0	0	0	0	0	0	0	0	0	0	0	0	0	0	0	0	
12/28/2014 4:26:27 PM	0	0	8	15.31	15.45	0	352	414	4.17	4.1748	0	0	False	-0.2516667	-0.2533333	-0.2483333	0.25	0	0.0249	33.348	33.357	-1	0.034	4.17	4.17	4.17	4.17	4.17	4.17	4.17	4.17	0	0	0	0	0	0	0	0	0	0	0	0	0	0	0	0	0	0	0	0	0	0	0	0	0	0	0	0	0	0	0	0	0	0	0	0	0	0	0	0	0	0	0	
12/28/2014 4:26:37 PM	0	0	8	15.31	15.45	0	352	424	4.17	4.1743	0	0	False	-0.2516667	-0.2533333	-0.2483333	0.25	0	0.0256	33.336	33.348	-1	0.046	4.17	4.17	4.17	4.17	4.17	4.17	4.17	4.17	0	0	0	0	0	0	0	0	0	0	0	0	0	0	0	0	0	0	0	0	0	0	0	0	0	0	0	0	0	0	0	0	0	0	0	0	0	0	0	0	0	0	0	
12/28/2014 4:26:47 PM	0	0	8	15.31	15.45	0	354	434	4.169	4.1735	0	0	False	-0.2533333	-0.2516667	-0.2433333	0.25	0	0.0263	33.325	33.343	-1	0.034	4.169	4.169	4.169	4.169	4.169	4.169	4.169	4.169	0	0	0	0	0	0	0	0	0	0	0	0	0	0	0	0	0	0	0	0	0	0	0	0	0	0	0	0	0	0	0	0	0	0	0	0	0	0	0	0	0	0	0	
12/28/2014 4:26:57 PM	0	0	8	15.31	15.45	0	360	444	4.168	4.1733	0	0	False	-0.2483333	-0.2483333	-0.2516667	0.25	0	0.027	33.325	33.336	-1	0.034	4.168	4.168	4.168	4.168	4.168	4.168	4.168	4.168	0	0	0	0	0	0	0	0	0	0	0	0	0	0	0	0	0	0	0	0	0	0	0	0	0	0	0	0	0	0	0	0	0	0	0	0	0	0	0	0	0	0	0	
12/28/2014 4:27:08 PM	0	0	8	15.31	15.45	0	358	454	4.167	4.1722	0	0	False	-0.25	-0.2483333	-0.2483333	0.25	0	0.0277	33.314	33.326	-1	0.046	4.167	4.167	4.167	4.167	4.167	4.167	4.167	4.167	0	0	0	0	0	0	0	0	0	0	0	0	0	0	0	0	0	0	0	0	0	0	0	0	0	0	0	0	0	0	0	0	0	0	0	0	0	0	0	0	0	0	0	
12/28/2014 4:27:18 PM	0	0	8	15.31	15.45	0	360	464	4.167	4.1713	0	0	False	-0.2483333	-0.2483333	-0.2516667	0.25	0	0.0284	33.314	33.325	-1	0.034	4.167	4.167	4.167	4.167	4.167	4.167	4.167	4.167	0	0	0	0	0	0	0	0	0	0	0	0	0	0	0	0	0	0	0	0	0	0	0	0	0	0	0	0	0	0	0	0	0	0	0	0	0	0	0	0	0	0	0	
12/28/2014 4:27:28 PM	0	0	8	15.31	15.45	0	356	474	4.166	4.171	0	0	False	-0.25	-0.25	-0.2483333	0.25	0	0.0291	33.314	33.32	-1	0.046	4.166	4.166	4.166	4.166	4.166	4.166	4.166	4.166	0	0	0	0	0	0	0	0	0	0	0	0	0	0	0	0	0	0	0	0	0	0	0	0	0	0	0	0	0	0	0	0	0	0	0	0	0	0	0	0	0	0	0	
12/28/2014 4:27:38 PM	0	0	8	15.31	15.45	0	358	484	4.165	4.1702	0	0	False	-0.25	-0.25	-0.2483333	0.25	0	0.0298	33.302	33.314	-1	0.046	4.165	4.165	4.165	4.165	4.165	4.165	4.165	4.165	0	0	0	0	0	0	0	0	0	0	0	0	0	0	0	0	0	0	0	0	0	0	0	0	0	0	0	0	0	0	0	0	0	0	0	0	0	0	0	0	0	0	0	
12/28/2014 4:27:48 PM	0	0	8	15.31	15.45	0	356	494	4.165	4.1695	0	0	False	-0.2516667	-0.2483333	-0.2433333	0.25	0	0.0305	33.291	33.306	-1	0.046	4.165	4.165	4.165	4.165	4.165	4.165	4.165	4.165	0	0	0	0	0	0	0	0	0	0	0	0	0	0	0	0	0	0	0	0	0	0	0	0	0	0	0	0	0	0	0	0	0	0	0	0	0	0	0	0	0	0	0	
12/28/2014 4:27:58 PM	0	0	8	15.31	15.45	0	350	504	4.164	4.1685	0	0	False	-0.2533333	-0.2516667	-0.2483333	0.25	0	0.0312	33.291	33.302	-1	0.034	4.164	4.164	4.164	4.164	4.164	4.164	4.164	4.164	0	0	0	0	0	0	0	0	0	0	0	0	0	0	0	0	0	0	0	0	0	0	0	0	0	0	0	0	0	0	0	0	0	0	0	0	0	0	0	0	0	0	0	
12/28/2014 4:28:08 PM	0	0	8	15.31	15.45	0	354	515	4.163	4.1681	0	0	False	-0.2516667	-0.2516667	-0.2483333	0.25	0	0.0319	33.291	33.298	-1	0.034	4.163	4.163	4.163	4.163	4.163	4.163	4.163	4.163	0	0	0	0	0	0	0	0	0	0	0	0	0	0	0	0	0	0	0	0	0	0	0	0	0	0	0	0	0	0	0	0	0	0	0	0	0	0	0	0	0	0	0	
12/28/2014 4:28:19 PM	0	0	8	15.31	15.45	0	356	525	4.162	4.1672	0	0	False	-0.2516667	-0.25	-0.2433333	0.25	0	0.0326	33.279	33.291	-1	0.046	4.162	4.162	4.162	4.162	4.162	4.162	4.162	4.162	0	0	0	0	0	0	0	0	0	0	0	0	0	0	0	0	0	0	0	0	0	0	0	0	0	0	0	0	0	0	0	0	0	0	0	0	0	0	0	0	0	0	0	
12/28/2014 4:28:29 PM	0	0	8	15.31	15.45	0	358	535	4.162	4.1668	0	0	False	-0.25	-0.2483333	-0.2483333	0.25	0	0.0333	33.268	33.284	-1	0.046	4.162	4.162	4.162	4.162	4.162	4.162	4.162	4.162	0	0	0	0	0	0	0	0	0	0	0	0	0	0	0	0	0	0	0	0	0	0	0	0	0	0	0	0	0	0	0	0	0	0	0	0	0	0	0	0	0	0	0	
12/28/2014 4:28:39 PM	0	0	8	15.31	15.45	0	360	545	4.161	4.166	0	0	False	-0.2483333	-0.25	-0.2533333	0.25	0	0.034	33.268	33.279	-1	0.034	4.161	4.161	4.161	4.161	4.161	4.161	4.161	4.161	0	0	0	0	0	0	0	0	0	0	0	0	0	0	0	0	0	0	0	0	0	0	0	0	0	0	0	0	0	0	0	0	0	0	0	0	0	0	0	0	0	0	0	
12/28/2014 4:28:49 PM	0	0	8	15.31	15.45	0	354	555	4.16	4.1654	0	0	False	-0.25	-0.2516667	-0.2433333	0.25	0	0.0347	33.268	33.276	-1	0.034	4.16	4.16	4.16	4.16	4.16	4.16	4.16	4.16	0	0	0	0	0	0	0	0	0	0	0	0	0	0	0	0	0	0	0	0	0	0	0	0	0	0	0	0	0	0	0	0	0	0	0	0	0	0	0	0	0	0	0	
12/28/2014 4:28:59 PM	0	0	8	15.31	15.45	0	358	565	4.16	4.1647	0	0	False	-0.2516667	-0.2483333	-0.2433333	0.25	0	0.0354	33.256	33.267	-1	0.046	4.16	4.16	4.16	4.16	4.16	4.16	4.16	4.16	0	0	0	0	0	0	0	0	0	0	0	0	0	0	0	0	0	0	0	0	0	0	0	0	0	0	0	0	0	0	0	0	0	0	0	0	0	0	0	0	0	0	0	
12/28/2014 4:29:09 PM	0	0	8	15.31	15.45	0	356	575	4.159	4.1643	0	0	False	-0.2516667	-0.2516667	-0.2433333	0.25	0	0.0361	33.245	33.265	-1	0.034	4.159	4.159	4.159	4.159	4.159	4.159	4.159	4.159	0	0	0	0	0	0	0	0	0	0	0	0	0	0	0	0	0	0	0	0	0	0	0	0	0	0	0	0	0	0	0	0	0	0	0	0	0	0	0	0	0	0	0	
12/28/2014 4:29:19 PM	0	0	8	15.31	15.45	0	354	585	4.158	4.1635	0	0	False	-0.25	-0.2533333	-0.2533333	0.25	0	0.0368	33.245	33.256	-1	0.046	4.158	4.158	4.158	4.158	4.158	4.158	4.158	4.158	0	0	0	0	0	0	0	0	0	0	0	0	0	0	0	0	0	0	0	0	0	0	0	0	0	0	0	0	0	0	0	0	0	0	0	0	0	0	0	0	0	0	0	
12/28/2014 4:29:30 PM	0	0	8	15.31	15.45	0	360	595	4.157	4.163	0	0	False	-0.25	-0.25	-0.2533333	0.25	0	0.0375	33.245	33.255	-1	0.034	4.157	4.157	4.157	4.157	4.157	4.157	4.157	4.157	0	0	0	0	0	0	0	0	0	0	0	0	0	0	0	0	0	0	0	0	0	0	0	0	0	0	0	0	0	0	0	0	0	0	0	0	0	0	0	0	0	0	0	
12/28/2014 4:29:40 PM	0	0	8	15.31	15.45	0	360	605	4.157	4.1623	0	0	False	-0.2483333	-0.2516667	-0.2483333	0.25	0	0.0382	33.233	33.245	-1	0.046	4.157	4.157	4.157	4.157	4.157	4.157	4.157	4.157	0	0	0	0	0	0	0	0	0	0	0	0	0	0	0	0	0	0	0	0	0	0	0	0	0	0	0	0	0	0	0	0	0	0	0	0	0	0	0	0	0	0	0	
12/28/2014 4:29:50 PM	0	0	8	15.31	15.45	0	358	615	4.156	4.1611	0	0	False	-0.2483333	-0.25	-0.2483333	0.25	0	0.0389	33.222	33.238	-1	0.046	4.156	4.156	4.156	4.156	4.156	4.156	4.156	4.156	0	0	0	0	0	0	0	0	0	0	0	0	0	0	0	0	0	0	0	0	0	0	0	0	0	0	0	0	0	0	0	0	0	0	0	0	0	0	0	0	0	0	0	
12/28/2014 4:30:00 PM	0	0	8	15.31	15.45	0	356	625	4.156	4.1609	0	0	False	-0.2516667	-0.2516667	-0.2483333	0.25	0	0.0397	33.222	33.233	-1	0.046	4.156	4.156	4.156	4.156	4.156	4.156	4.156	4.156	0	0	0	0	0	0	0	0	0	0	0	0	0	0	0	0	0	0	0	0	0	0	0	0	0	0	0	0	0	0	0	0	0	0	0	0	0	0	0	0	0	0	0	
12/28/2014 4:30:10 PM	0	0	8	15.31	15.45	0	354	636	4.155	4.1598	0	0	False	-0.2516667	-0.2533333	-0.2483333	0.25	0	0.0404	33.222	33.231	-1	0.034	4.155	4.155	4.155	4.155	4.155	4.155	4.155	4.155	0	0	0	0	0	0	0	0	0	0	0	0	0	0	0	0	0	0	0	0	0	0	0	0	0	0	0	0	0	0	0	0	0	0	0	0	0	0	0	0	0	0	0	
12/28/2014 4:30:20 PM	0	0	8	15.31	15.45	0	356	646	4.154	4.1596	0	0	False	-0.2516667	-0.2516667	-0.2483333	0.25	0	0.0411	33.21	33.224	-1	0.046	4.154	4.154	4.154	4.154	4.154	4.154	4.154	4.154	0	0	0	0	0	0	0	0	0	0	0	0	0	0	0	0	0	0	0	0	0	0	0	0	0	0	0	0	0	0	0	0	0	0	0	0	0	0	0	0	0	0	0	
12/28/2014 4:30:30 PM	0	0	8	15.31	15.45	0	356	656	4.153	4.1585	0	0	False	-0.25	-0.2516667	-0.2516667	0.25	0	0.0418	33.21	33.22	-1	0.034	4.153	4.153	4.153	4.153	4.153	4.153	4.153	4.153	0	0	0	0	0	0	0	0	0	0	0	0	0	0	0	0	0	0	0	0	0	0	0	0	0	0	0	0	0	0	0	0	0	0	0	0	0	0	0	0	0	0	0	
12/28/2014 4:30:41 PM	0	0	8	15.31	15.45	0	354	666	4.153	4.1583	0	0	False	-0.25	-0.2516667	-0.2516667	0.25	0	0.0425	33.199	33.21	-1	0.046	4.153	4.153	4.153	4.153	4.153	4.153	4.153	4.153	0	0	0	0	0	0	0	0	0	0	0	0	0	0	0	0	0	0	0	0	0	0	0	0	0	0	0	0	0	0	0	0	0	0	0	0	0	0	0	0	0	0	0	
12/28/2014 4:30:51 PM	0	0	8	15.31	15.45	0	360	676	4.152	4.1573	0	0	False	-0.2516667	-0.25	-0.2483333	0.25	0	0.0432	33.199	33.208	-1	0.034	4.152	4.152	4.152	4.152	4.152	4.152	4.152	4.152	0	0	0	0	0	0	0	0	0	0	0	0	0	0	0	0	0	0	0	0	0	0	0	0	0	0	0	0	0	0	0	0	0	0	0	0	0	0	0	0	0	0	0	
12/28/2014 4:31:01 PM	0	0	8	15.31	15.45	0	354	686	4.151	4.1573	0	0	False	-0.2516667	-0.2516667	-0.2433333	0.25	0	0.0439	33.187	33.202	-1	0.046	4.151	4.151	4.151	4.151	4.151	4.151	4.151	4.151	0	0	0	0	0	0	0	0	0	0	0	0	0	0	0	0	0	0	0	0	0	0	0	0	0	0	0	0	0	0	0	0	0	0	0	0	0	0	0	0	0	0	0	
12/28/2014 4:31:11 PM	0	0	8	15.31	15.45	0	358	696	4.151	4.1561	0	0	False	-0.2533333	-0.2516667	-0.2433333	0.25	0	0.0446	33.187	33.198	-1	0.034	4.151	4.151	4.151	4.151	4.151	4.151	4.151	4.151	0	0	0	0	0	0	0	0	0	0	0	0	0	0	0	0	0	0	0	0	0	0	0	0	0	0	0	0	0	0	0	0	0	0	0	0	0	0	0	0	0	0	0	
12/28/2014 4:31:21 PM	0	0	8	15.31	15.45	0	360	706	4.15	4.156	0	0	False	-0.2516667	-0.2483333	-0.2483333	0.25	0	0.0452	33.187	33.195	-1	0.034	4.15	4.15	4.15	4.15	4.15	4.15	4.15	4.15	0	0	0	0	0	0	0	0	0	0	0	0	0	0	0	0	0	0	0	0	0	0	0	0	0	0	0	0	0	0	0	0	0	0	0	0	0	0	0	0	0	0	0	
12/28/2014 4:31:31 PM	0	0	8	15.31	15.45	0	362	716	4.149	4.155	0	0	False	-0.2483333	-0.2483333	-0.2516667	0.25	0	0.0459	33.176	33.187	-1	0.034	4.149	4.149	4.149	4.149	4.149	4.149	4.149	4.149	0	0	0	0	0	0	0	0	0	0	0	0	0	0	0	0	0	0	0	0	0	0	0	0	0	0	0	0	0	0	0	0	0	0	0	0	0	0	0	0	0	0	0	
12/28/2014 4:31:41 PM	0	0	8	15.31	15.45	0	360	726	4.149	4.1548	0	0	False	-0.25	-0.25	-0.2483333	0.25	0	0.0466	33.176	33.183	-1	0.034	4.149	4.149	4.149	4.149	4.149	4.149	4.149	4.149	0	0	0	0	0	0	0	0	0	0	0	0	0	0	0	0	0	0	0	0	0	0	0	0	0	0	0	0	0	0	0	0	0	0	0	0	0	0	0	0	0	0	0	
12/28/2014 4:31:52 PM	0	0	8	15.31	15.45	0	358	736	4.148	4.1539	0	0	False	-0.25	-0.25	-0.2483333	0.25	0	0.0473	33.164	33.176	-1	0.046	4.148	4.148	4.148	4.148	4.148	4.148	4.148	4.148	0	0	0	0	0	0	0	0	0	0	0	0	0	0	0	0	0	0	0	0	0	0	0	0	0	0	0	0	0	0	0	0	0	0	0	0	0	0	0	0	0	0	0	
12/28/2014 4:32:02 PM	0	0	8	15.31	15.45	0	362	747	4.147	4.1535	0	0	False	-0.25	-0.2483333	-0.2483333	0.25	0	0.0481	33.164	33.175	-1	0.046	4.147	4.147	4.147	4.147	4.147	4.147	4.147	4.147	0	0	0	0	0	0	0	0	0	0	0	0	0	0	0	0	0	0	0	0	0	0	0	0	0	0	0	0	0	0	0	0	0	0	0	0	0	0	0	0	0	0	0	
12/28/2014 4:32:12 PM	0	0	8	15.31	15.45	0	356	757	4.147	4.1529	0	0	False	-0.2516667	-0.25	-0.2433333	0.25	0	0.0488	33.153	33.166	-1	0.034	4.147	4.147	4.147	4.147	4.147	4.147	4.147	4.147	0	0	0	0	0	0	0	0	0	0	0	0	0	0	0	0	0	0	0	0	0	0	0	0	0	0	0	0	0	0	0	0	0	0	0	0	0	0	0	0	0	0	0	
12/28/2014 4:32:22 PM	0	0	8	15.31	15.45	0	358	767	4.146	4.1519	0	0	False	-0.25	-0.2516667	-0.2533333	0.25	0	0.0495	33.153	33.164	-1	0.034	4.146	4.146	4.146	4.146	4.146	4.146	4.146	4.146	0	0	0	0	0	0	0	0	0	0	0	0	0	0	0	0	0	0	0	0	0	0	0	0	0	0	0	0	0	0	0	0	0	0	0	0	0	0	0	0	0	0	0	
12/28/2014 4:32:32 PM	0	0	8	15.31	15.45	0	356	777	4.146	4.151	0	0	False	-0.2516667	-0.2533333	-0.2483333	0.25	0	0.0502	33.141	33.157	-1	0.046	4.146	4.146	4.146	4.146	4.146	4.146	4.146	4.146	0	0	0	0	0	0	0	0	0	0	0	0	0	0	0	0	0	0	0	0	0	0	0	0	0	0	0	0	0	0	0	0	0	0	0	0	0	0	0	0	0	0	0	
12/28/2014 4:32:42 PM	0	0	8	15.31	15.45	0	354	787	4.145	4.1507	0	0	False	-0.2516667	-0.2533333	-0.2433333	0.25	0	0.0509	33.141	33.153	-1	0.034	4.145	4.145	4.145	4.145	4.145	4.145	4.145	4.145	0	0	0	0	0	0	0	0	0	0	0	0	0	0	0	0	0	0	0	0	0	0	0	0	0	0	0	0	0	0	0	0	0	0	0	0	0	0	0	0	0	0	0	
12/28/2014 4:32:52 PM	0	0	8	15.31	15.45	0	358	797	4.144	4.1497	0	0	False	-0.25	-0.2516667	-0.2433333	0.25	0	0.0516	33.141	33.15	-1	0.046	4.144	4.144	4.144	4.144	4.144	4.144	4.144	4.144	0	0	0	0	0	0	0	0	0	0	0	0	0	0	0	0	0	0	0	0	0	0	0	0	0	0	0	0	0	0	0	0	0	0	0	0	0	0	0	0	0	0	0	
12/28/2014 4:33:03 PM	0	0	8	15.31	15.45	0	356	807	4.144	4.1485	0	0	False	-0.2516667	-0.2516667	-0.2433333	0.25	0	0.0523	33.13	33.141	-1	0.034	4.144	4.144	4.144	4.144	4.144	4.144	4.144	4.144	0	0	0	0	0	0	0	0	0	0	0	0	0	0	0	0	0	0	0	0	0	0	0	0	0	0	0	0	0	0	0	0	0	0	0	0	0	0	0	0	0	0	0	
12/28/2014 4:33:13 PM	0	0	8	15.31	15.45	0	356	815	4.143	4.1484	0	0	False	-0.2516667	-0.2516667	-0.2433333	0.25	0	0.0528	33.13	33.141	-1	0.034	4.143	4.143	4.143	4.143	4.143	4.143	4.143	4.143	0	0	0	0	0	0	0	0	0	0	0	0	0	0	0	0	0	0	0	0	0	0	0	0	0	0	0	0	0	0	0	0	0	0	0	0	0	0	0	0	0	0	0	
12/28/2014 4:33:23 PM	0	0	8	15.31	15.45	0	360	827	4.142	4.1473	0	0	False	-0.25	-0.25	-0.2483333	0.25	0	0.0537	33.13	33.136	-1	0.034	4.142	4.142	4.142	4.142	4.142	4.142	4.142	4.142	0	0	0	0	0	0	0	0	0	0	0	0	0	0	0	0	0	0	0	0	0	0	0	0	0	0	0	0	0	0	0	0	0	0	0	0	0	0	0	0	0	0	0	
12/28/2014 4:33:33 PM	0	0	8	15.31	15.45	0	364	837	4.142	4.147	0	0	False	-0.25	-0.2483333	-0.2483333	0.25	0	0.0544	33.119	33.13	-1	0.046	4.142	4.142	4.142	4.142	4.142	4.142	4.142	4.142	0	0	0	0	0	0	0	0	0	0	0	0	0	0	0	0	0	0	0	0	0	0	0	0	0	0	0	0	0	0	0	0	0	0	0	0	0	0	0	0	0	0	0	
12/28/2014 4:33:43 PM	0	0	8	15.31	15.45	0	362	847	4.141	4.146	0	0	False	-0.25	-0.2483333	-0.2483333	0.25	0	0.055	33.107	33.122	-1	0.046	4.141	4.141	4.141	4.141	4.141	4.141	4.141	4.141	0	0	0	0	0	0	0	0	0	0	0	0	0	0	0	0	0	0	0	0	0	0	0	0	0	0	0	0	0	0	0	0	0	0	0	0	0	0	0	0	0	0	0	
12/28/2014 4:33:53 PM	0	0	8	15.31	15.45	0	360	858	4.141	4.1458	0	0	False	-0.25	-0.25	-0.2483333	0.25	0	0.0558	33.107	33.119	-1	0.034	4.141	4.141	4.141	4.141	4.141	4.141	4.141	4.141	0	0	0	0	0	0	0	0	0	0	0	0	0	0	0	0	0	0	0	0	0	0	0	0	0	0	0	0	0	0	0	0	0	0	0	0	0	0	0	0	0	0	0	
12/28/2014 4:34:03 PM	0	0	8	15.31	15.45	0	358	868	4.14	4.1448	0	0	False	-0.2516667	-0.2516667	-0.2483333	0.25	0	0.0565	33.107	33.117	-1	0.046	4.14	4.14	4.14	4.14	4.14	4.14	4.14	4.14	0	0	0	0	0	0	0	0	0	0	0	0	0	0	0	0	0	0	0	0	0	0	0	0	0	0	0	0	0	0	0	0	0	0	0	0	0	0	0	0	0	0	0	
12/28/2014 4:34:14 PM	0	0	8	15.31	15.45	0	364	878	4.14	4.1445	0	0	False	-0.2483333	-0.2483333	-0.2516667	0.25	0	0.0572	33.096	33.109	-1	0.046	4.14	4.14	4.14	4.14	4.14	4.14	4.14	4.14	0	0	0	0	0	0	0	0	0	0	0	0	0	0	0	0	0	0	0	0	0	0	0	0	0	0	0	0	0	0	0	0	0	0	0	0	0	0	0	0	0	0	0	
12/28/2014 4:34:24 PM	0	0	8	15.31	15.45	0	356	888	4.139	4.1437	0	0	False	-0.2516667	-0.2516667	-0.2483333	0.25	0	0.0579	33.096	33.107	-1	0.034	4.139	4.139	4.139	4.139	4.139	4.139	4.139	4.139	0	0	0	0	0	0	0	0	0	0	0	0	0	0	0	0	0	0	0	0	0	0	0	0	0	0	0	0	0	0	0	0	0	0	0	0	0	0	0	0	0	0	0	
12/28/2014 4:34:34 PM	0	0	8	15.31	15.45	0	362	898	4.138	4.1435	0	0	False	-0.25	-0.2483333	-0.2483333	0.25	0	0.0586	33.096	33.104	-1	0.034	4.138	4.138	4.138	4.138	4.138	4.138	4.138	4.138	0	0	0	0	0	0	0	0	0	0	0	0	0	0	0	0	0	0	0	0	0	0	0	0	0	0	0	0	0	0	0	0	0	0	0	0	0	0	0	0	0	0	0	
12/28/2014 4:34:44 PM	0	0	8	15.29	15.42	0	356	908	4.138	4.1428	0	0	False	-0.2516667	-0.2516667	-0.2516667	0.25	0	0.0593	33.084	33.096	-1	0.034	4.138	4.138	4.138	4.138	4.138	4.138	4.138	4.138	0	0	0	0	0	0	0	0	0	0	0	0	0	0	0	0	0	0	0	0	0	0	0	0	0	0	0	0	0	0	0	0	0	0	0	0	0	0	0	0	0	0	0	
12/28/2014 4:34:54 PM	0	0	8	15.3	15.42	0	358	918	4.137	4.1423	0	0	False	-0.2516667	-0.25	-0.2433333	0.25	0	0.06	33.084	33.095	-1	0.034	4.137	4.137	4.137	4.137	4.137	4.137	4.137	4.137	0	0	0	0	0	0	0	0	0	0	0	0	0	0	0	0	0	0	0	0	0	0	0	0	0	0	0	0	0	0	0	0	0	0	0	0	0	0	0	0	0	0	0	
12/28/2014 4:35:04 PM	0	0	8	15.29	15.42	0	350	928	4.137	4.1418	0	0	False	-0.2516667	-0.2533333	-0.2516667	0.25	0	0.0607	33.084	33.089	-1	0.034	4.137	4.137	4.137	4.137	4.137	4.137	4.137	4.137	0	0	0	0	0	0	0	0	0	0	0	0	0	0	0	0	0	0	0	0	0	0	0	0	0	0	0	0	0	0	0	0	0	0	0	0	0	0	0	0	0	0	0	
12/28/2014 4:35:14 PM	0	0	8	15.29	15.42	0	352	938	4.136	4.141	0	0	False	-0.2516667	-0.25	-0.2433333	0.25	0	0.0614	33.073	33.084	-1	0.034	4.136	4.136	4.136	4.136	4.136	4.136	4.136	4.136	0	0	0	0	0	0	0	0	0	0	0	0	0	0	0	0	0	0	0	0	0	0	0	0	0	0	0	0	0	0	0	0	0	0	0	0	0	0	0	0	0	0	0	
12/28/2014 4:35:25 PM	0	0	8	15.3	15.42	0	350	948	4.135	4.1402	0	0	False	-0.25	-0.2516667	-0.2616667	0.25	0	0.0621	33.061	33.079	-1	0.046	4.135	4.135	4.135	4.135	4.135	4.135	4.135	4.135	0	0	0	0	0	0	0	0	0	0	0	0	0	0	0	0	0	0	0	0	0	0	0	0	0	0	0	0	0	0	0	0	0	0	0	0	0	0	0	0	0	0	0	
12/28/2014 4:35:35 PM	0	0	8	15.3	15.42	0	352	958	4.135	4.1398	0	0	False	-0.2483333	-0.2516667	-0.2616667	0.25	0	0.0628	33.061	33.073	-1	0.034	4.135	4.135	4.135	4.135	4.135	4.135	4.135	4.135	0	0	0	0	0	0	0	0	0	0	0	0	0	0	0	0	0	0	0	0	0	0	0	0	0	0	0	0	0	0	0	0	0	0	0	0	0	0	0	0	0	0	0	
12/28/2014 4:35:45 PM	0	0	8	15.3	15.42	0	350	968	4.134	4.139	0	0	False	-0.2516667	-0.2516667	-0.2516667	0.25	0	0.0636	33.061	33.072	-1	0.034	4.134	4.134	4.134	4.134	4.134	4.134	4.134	4.134	0	0	0	0	0	0	0	0	0	0	0	0	0	0	0	0	0	0	0	0	0	0	0	0	0	0	0	0	0	0	0	0	0	0	0	0	0	0	0	0	0	0	0	
12/28/2014 4:35:55 PM	0	0	8	15.29	15.42	0	350	979	4.133	4.1385	0	0	False	-0.25	-0.25	-0.2433333	0.25	0	0.0642	33.05	33.061	-1	0.034	4.133	4.133	4.133	4.133	4.133	4.133	4.133	4.133	0	0	0	0	0	0	0	0	0	0	0	0	0	0	0	0	0	0	0	0	0	0	0	0	0	0	0	0	0	0	0	0	0	0	0	0	0	0	0	0	0	0	0	
12/28/2014 4:36:05 PM	0	0	8	15.29	15.42	0	352	989	4.133	4.138	0	0	False	-0.25	-0.2516667	-0.2616667	0.25	0	0.0649	33.05	33.061	-1	0.034	4.133	4.133	4.133	4.133	4.133	4.133	4.133	4.133	0	0	0	0	0	0	0	0	0	0	0	0	0	0	0	0	0	0	0	0	0	0	0	0	0	0	0	0	0	0	0	0	0	0	0	0	0	0	0	0	0	0	0	
12/28/2014 4:36:15 PM	0	0	8	15.29	15.42	0	350	999	4.132	4.1373	0	0	False	-0.25	-0.2516667	-0.2483333	0.25	0	0.0656	33.05	33.054	-1	0.034	4.132	4.132	4.132	4.132	4.132	4.132	4.132	4.132	0	0	0	0	0	0	0	0	0	0	0	0	0	0	0	0	0	0	0	0	0	0	0	0	0	0	0	0	0	0	0	0	0	0	0	0	0	0	0	0	0	0	0	
12/28/2014 4:36:26 PM	0	0	8	15.3	15.42	0	352	1009	4.132	4.1369	0	0	False	-0.2533333	-0.2516667	-0.2533333	0.25	0	0.0663	33.038	33.05	-1	0.034	4.132	4.132	4.132	4.132	4.132	4.132	4.132	4.132	0	0	0	0	0	0	0	0	0	0	0	0	0	0	0	0	0	0	0	0	0	0	0	0	0	0	0	0	0	0	0	0	0	0	0	0	0	0	0	0	0	0	0	
12/28/2014 4:36:36 PM	0	0	8	15.29	15.42	0	344	1019	4.131	4.136	0	0	False	-0.2516667	-0.2516667	-0.2433333	0.25	0	0.067	33.038	33.047	-1	0.034	4.131	4.131	4.131	4.131	4.131	4.131	4.131	4.131	0	0	0	0	0	0	0	0	0	0	0	0	0	0	0	0	0	0	0	0	0	0	0	0	0	0	0	0	0	0	0	0	0	0	0	0	0	0	0	0	0	0	0	
12/28/2014 4:36:46 PM	0	0	8	15.29	15.42	0	346	1029	4.131	4.1359	0	0	False	-0.2516667	-0.2533333	-0.235	0.25	0	0.0677	33.027	33.038	-1	0.034	4.131	4.131	4.131	4.131	4.131	4.131	4.131	4.131	0	0	0	0	0	0	0	0	0	0	0	0	0	0	0	0	0	0	0	0	0	0	0	0	0	0	0	0	0	0	0	0	0	0	0	0	0	0	0	0	0	0	0	
12/28/2014 4:36:56 PM	0	0	8	15.29	15.42	0	348	1039	4.13	4.1348	0	0	False	-0.2483333	-0.2483333	-0.2483333	0.25	0	0.0684	33.027	33.038	-1	0.034	4.13	4.13	4.13	4.13	4.13	4.13	4.13	4.13	0	0	0	0	0	0	0	0	0	0	0	0	0	0	0	0	0	0	0	0	0	0	0	0	0	0	0	0	0	0	0	0	0	0	0	0	0	0	0	0	0	0	0	
12/28/2014 4:37:06 PM	0	0	8	15.29	15.42	0	350	1049	4.13	4.1347	0	0	False	-0.2516667	-0.2483333	-0.2616667	0.25	0	0.0691	33.027	33.029	-1	0.034	4.13	4.13	4.13	4.13	4.13	4.13	4.13	4.13	0	0	0	0	0	0	0	0	0	0	0	0	0	0	0	0	0	0	0	0	0	0	0	0	0	0	0	0	0	0	0	0	0	0	0	0	0	0	0	0	0	0	0	
12/28/2014 4:37:16 PM	0	0	8	15.29	15.42	0	348	1059	4.129	4.1335	0	0	False	-0.2533333	-0.2516667	-0.2483333	0.25	0	0.0698	33.015	33.027	-1	0.034	4.129	4.129	4.129	4.129	4.129	4.129	4.129	4.129	0	0	0	0	0	0	0	0	0	0	0	0	0	0	0	0	0	0	0	0	0	0	0	0	0	0	0	0	0	0	0	0	0	0	0	0	0	0	0	0	0	0	0	
12/28/2014 4:37:26 PM	0	0	8	15.29	15.42	0	348	1069	4.129	4.1334	0	0	False	-0.25	-0.2516667	-0.2433333	0.25	0	0.0705	33.015	33.023	-1	0.034	4.129	4.129	4.129	4.129	4.129	4.129	4.129	4.129	0	0	0	0	0	0	0	0	0	0	0	0	0	0	0	0	0	0	0	0	0	0	0	0	0	0	0	0	0	0	0	0	0	0	0	0	0	0	0	0	0	0	0	
12/28/2014 4:37:37 PM	0	0	8	15.29	15.42	0	346	1079	4.128	4.1323	0	0	False	-0.2516667	-0.2516667	-0.2616667	0.25	0	0.0712	33.015	33.015	-1	0.034	4.128	4.128	4.128	4.128	4.128	4.128	4.128	4.128	0	0	0	0	0	0	0	0	0	0	0	0	0	0	0	0	0	0	0	0	0	0	0	0	0	0	0	0	0	0	0	0	0	0	0	0	0	0	0	0	0	0	0	
12/28/2014 4:37:47 PM	0	0	8	15.29	15.42	0	348	1090	4.127	4.1319	0	0	False	-0.25	-0.2516667	-0.2483333	0.25	0	0.072	33.004	33.015	-1	0.046	4.127	4.127	4.127	4.127	4.127	4.127	4.127	4.127	0	0	0	0	0	0	0	0	0	0	0	0	0	0	0	0	0	0	0	0	0	0	0	0	0	0	0	0	0	0	0	0	0	0	0	0	0	0	0	0	0	0	0	
12/28/2014 4:37:57 PM	0	0	8	15.29	15.42	0	346	1100	4.127	4.131	0	0	False	-0.2516667	-0.2516667	-0.2616667	0.25	0	0.0727	32.992	33.004	-1	0.046	4.127	4.127	4.127	4.127	4.127	4.127	4.127	4.127	0	0	0	0	0	0	0	0	0	0	0	0	0	0	0	0	0	0	0	0	0	0	0	0	0	0	0	0	0	0	0	0	0	0	0	0	0	0	0	0	0	0	0	
12/28/2014 4:38:07 PM	0	0	8	15.29	15.42	0	358	1110	4.126	4.131	0	0	False	-0.2483333	-0.2483333	-0.2516667	0.25	0	0.0734	32.992	33.004	-1	0.034	4.126	4.126	4.126	4.126	4.126	4.126	4.126	4.126	0	0	0	0	0	0	0	0	0	0	0	0	0	0	0	0	0	0	0	0	0	0	0	0	0	0	0	0	0	0	0	0	0	0	0	0	0	0	0	0	0	0	0	
12/28/2014 4:38:17 PM	0	0	8	15.29	15.42	0	356	1120	4.126	4.1309	0	0	False	-0.2483333	-0.2483333	-0.2516667	0.25	0	0.0741	32.981	33.001	-1	0.034	4.126	4.126	4.126	4.126	4.126	4.126	4.126	4.126	0	0	0	0	0	0	0	0	0	0	0	0	0	0	0	0	0	0	0	0	0	0	0	0	0	0	0	0	0	0	0	0	0	0	0	0	0	0	0	0	0	0	0	
12/28/2014 4:38:27 PM	0	0	8	15.29	15.42	0	354	1130	4.125	4.1298	0	0	False	-0.25	-0.2483333	-0.2666667	0.25	0	0.0748	32.981	32.992	-1	0.046	4.125	4.125	4.125	4.125	4.125	4.125	4.125	4.125	0	0	0	0	0	0	0	0	0	0	0	0	0	0	0	0	0	0	0	0	0	0	0	0	0	0	0	0	0	0	0	0	0	0	0	0	0	0	0	0	0	0	0	
12/28/2014 4:38:37 PM	0	0	8	15.29	15.42	0	348	1140	4.125	4.1296	0	0	False	-0.2516667	-0.25	-0.2516667	0.25	0	0.0755	32.981	32.992	-1	0.034	4.125	4.125	4.125	4.125	4.125	4.125	4.125	4.125	0	0	0	0	0	0	0	0	0	0	0	0	0	0	0	0	0	0	0	0	0	0	0	0	0	0	0	0	0	0	0	0	0	0	0	0	0	0	0	0	0	0	0	
12/28/2014 4:38:48 PM	0	0	8	15.29	15.42	0	346	1150	4.124	4.1289	0	0	False	-0.2533333	-0.2516667	-0.2433333	0.25	0	0.0762	32.981	32.99	-1	0.034	4.124	4.124	4.124	4.124	4.124	4.124	4.124	4.124	0	0	0	0	0	0	0	0	0	0	0	0	0	0	0	0	0	0	0	0	0	0	0	0	0	0	0	0	0	0	0	0	0	0	0	0	0	0	0	0	0	0	0	
12/28/2014 4:38:58 PM	0	0	8	15.29	15.42	0	346	1160	4.124	4.1285	0	0	False	-0.2516667	-0.2516667	-0.2516667	0.25	0	0.0769	32.969	32.981	-1	0.046	4.124	4.124	4.124	4.124	4.124	4.124	4.124	4.124	0	0	0	0	0	0	0	0	0	0	0	0	0	0	0	0	0	0	0	0	0	0	0	0	0	0	0	0	0	0	0	0	0	0	0	0	0	0	0	0	0	0	0	
12/28/2014 4:39:08 PM	0	0	8	15.29	15.42	0	344	1170	4.123	4.128	0	0	False	-0.2516667	-0.255	-0.2516667	0.25	0	0.0776	32.969	32.98	-1	0.034	4.123	4.123	4.123	4.123	4.123	4.123	4.123	4.123	0	0	0	0	0	0	0	0	0	0	0	0	0	0	0	0	0	0	0	0	0	0	0	0	0	0	0	0	0	0	0	0	0	0	0	0	0	0	0	0	0	0	0	
12/28/2014 4:39:18 PM	0	0	8	15.29	15.42	0	346	1180	4.123	4.1273	0	0	False	-0.2516667	-0.25	-0.2433333	0.25	0	0.0783	32.958	32.977	-1	0.034	4.123	4.123	4.123	4.123	4.123	4.123	4.123	4.123	0	0	0	0	0	0	0	0	0	0	0	0	0	0	0	0	0	0	0	0	0	0	0	0	0	0	0	0	0	0	0	0	0	0	0	0	0	0	0	0	0	0	0	
12/28/2014 4:39:28 PM	0	0	8	15.29	15.42	0	348	1190	4.123	4.1273	0	0	False	-0.2483333	-0.2516667	-0.2483333	0.25	0	0.079	32.969	32.969	-1	0.046	4.123	4.123	4.123	4.123	4.123	4.123	4.123	4.123	0	0	0	0	0	0	0	0	0	0	0	0	0	0	0	0	0	0	0	0	0	0	0	0	0	0	0	0	0	0	0	0	0	0	0	0	0	0	0	0	0	0	0	
12/28/2014 4:39:38 PM	0	0	8	15.29	15.42	0	350	1201	4.122	4.1267	0	0	False	-0.25	-0.2483333	-0.2516667	0.25	0	0.0797	32.958	32.969	-1	0.046	4.122	4.122	4.122	4.122	4.122	4.122	4.122	4.122	0	0	0	0	0	0	0	0	0	0	0	0	0	0	0	0	0	0	0	0	0	0	0	0	0	0	0	0	0	0	0	0	0	0	0	0	0	0	0	0	0	0	0	
12/28/2014 4:39:48 PM	0	0	8	15.29	15.42	0	342	1211	4.122	4.126	0	0	False	-0.2516667	-0.25	-0.2433333	0.25	0	0.0804	32.947	32.964	-1	0.034	4.122	4.122	4.122	4.122	4.122	4.122	4.122	4.122	0	0	0	0	0	0	0	0	0	0	0	0	0	0	0	0	0	0	0	0	0	0	0	0	0	0	0	0	0	0	0	0	0	0	0	0	0	0	0	0	0	0	0	
12/28/2014 4:39:59 PM	0	0	8	15.29	15.42	0	348	1221	4.121	4.126	0	0	False	-0.2483333	-0.2466667	-0.2616667	0.25	0	0.0811	32.947	32.958	-1	0.046	4.121	4.121	4.121	4.121	4.121	4.121	4.121	4.121	0	0	0	0	0	0	0	0	0	0	0	0	0	0	0	0	0	0	0	0	0	0	0	0	0	0	0	0	0	0	0	0	0	0	0	0	0	0	0	0	0	0	0	
12/28/2014 4:40:09 PM	0	0	8	15.29	15.42	0	342	1231	4.121	4.1252	0	0	False	-0.2533333	-0.2533333	-0.2433333	0.25	0	0.0818	32.947	32.958	-1	0.046	4.121	4.121	4.121	4.121	4.121	4.121	4.121	4.121	0	0	0	0	0	0	0	0	0	0	0	0	0	0	0	0	0	0	0	0	0	0	0	0	0	0	0	0	0	0	0	0	0	0	0	0	0	0	0	0	0	0	0	
12/28/2014 4:40:19 PM	0	0	8	15.29	15.42	0	348	1241	4.12	4.1248	0	0	False	-0.25	-0.2483333	-0.2483333	0.25	0	0.0825	32.935	32.956	-1	0.046	4.12	4.12	4.12	4.12	4.12	4.12	4.12	4.12	0	0	0	0	0	0	0	0	0	0	0	0	0	0	0	0	0	0	0	0	0	0	0	0	0	0	0	0	0	0	0	0	0	0	0	0	0	0	0	0	0	0	0	
12/28/2014 4:40:29 PM	0	0	8	15.29	15.42	0	340	1251	4.12	4.1244	0	0	False	-0.2533333	-0.2516667	-0.2433333	0.25	0	0.0832	32.935	32.947	-1	0.046	4.12	4.12	4.12	4.12	4.12	4.12	4.12	4.12	0	0	0	0	0	0	0	0	0	0	0	0	0	0	0	0	0	0	0	0	0	0	0	0	0	0	0	0	0	0	0	0	0	0	0	0	0	0	0	0	0	0	0	
12/28/2014 4:40:39 PM	0	0	8	15.29	15.42	0	350	1261	4.119	4.1235	0	0	False	-0.2483333	-0.2466667	-0.235	0.25	0	0.0839	32.935	32.947	-1	0.046	4.119	4.119	4.119	4.119	4.119	4.119	4.119	4.119	0	0	0	0	0	0	0	0	0	0	0	0	0	0	0	0	0	0	0	0	0	0	0	0	0	0	0	0	0	0	0	0	0	0	0	0	0	0	0	0	0	0	0	
12/28/2014 4:40:49 PM	0	0	8	15.29	15.42	0	348	1271	4.119	4.1235	0	0	False	-0.2516667	-0.2516667	-0.2483333	0.25	0	0.0846	32.935	32.946	-1	0.034	4.119	4.119	4.119	4.119	4.119	4.119	4.119	4.119	0	0	0	0	0	0	0	0	0	0	0	0	0	0	0	0	0	0	0	0	0	0	0	0	0	0	0	0	0	0	0	0	0	0	0	0	0	0	0	0	0	0	0	
12/28/2014 4:40:59 PM	0	0	8	15.29	15.42	0	350	1281	4.118	4.1225	0	0	False	-0.2483333	-0.2483333	-0.2616667	0.25	0	0.0853	32.935	32.937	-1	0.046	4.118	4.118	4.118	4.118	4.118	4.118	4.118	4.118	0	0	0	0	0	0	0	0	0	0	0	0	0	0	0	0	0	0	0	0	0	0	0	0	0	0	0	0	0	0	0	0	0	0	0	0	0	0	0	0	0	0	0	
12/28/2014 4:41:10 PM	0	0	8	15.29	15.42	0	346	1291	4.118	4.1223	0	0	False	-0.25	-0.25	-0.2483333	0.25	0	0.086	32.924	32.935	-1	0.046	4.118	4.118	4.118	4.118	4.118	4.118	4.118	4.118	0	0	0	0	0	0	0	0	0	0	0	0	0	0	0	0	0	0	0	0	0	0	0	0	0	0	0	0	0	0	0	0	0	0	0	0	0	0	0	0	0	0	0	
12/28/2014 4:41:20 PM	0	0	8	15.29	15.42	0	348	1301	4.118	4.1223	0	0	False	-0.2483333	-0.2466667	-0.2533333	0.25	0	0.0867	32.924	32.932	-1	0.034	4.118	4.118	4.118	4.118	4.118	4.118	4.118	4.118	0	0	0	0	0	0	0	0	0	0	0	0	0	0	0	0	0	0	0	0	0	0	0	0	0	0	0	0	0	0	0	0	0	0	0	0	0	0	0	0	0	0	0	
12/28/2014 4:41:30 PM	0	0	8	15.29	15.42	0	354	1311	4.117	4.1219	0	0	False	-0.2483333	-0.2483333	-0.2616667	0.25	0	0.0875	32.924	32.929	-1	0.034	4.117	4.117	4.117	4.117	4.117	4.117	4.117	4.117	0	0	0	0	0	0	0	0	0	0	0	0	0	0	0	0	0	0	0	0	0	0	0	0	0	0	0	0	0	0	0	0	0	0	0	0	0	0	0	0	0	0	0	
12/28/2014 4:41:40 PM	0	0	8	15.29	15.42	0	344	1322	4.117	4.121	0	0	False	-0.2533333	-0.255	-0.2433333	0.25	0	0.0882	32.924	32.924	-1	0.046	4.117	4.117	4.117	4.117	4.117	4.117	4.117	4.117	0	0	0	0	0	0	0	0	0	0	0	0	0	0	0	0	0	0	0	0	0	0	0	0	0	0	0	0	0	0	0	0	0	0	0	0	0	0	0	0	0	0	0	
12/28/2014 4:41:50 PM	0	0	8	15.29	15.42	0	346	1332	4.116	4.1209	0	0	False	-0.25	-0.25	-0.2483333	0.25	0	0.0889	32.912	32.924	-1	0.034	4.116	4.116	4.116	4.116	4.116	4.116	4.116	4.116	0	0	0	0	0	0	0	0	0	0	0	0	0	0	0	0	0	0	0	0	0	0	0	0	0	0	0	0	0	0	0	0	0	0	0	0	0	0	0	0	0	0	0	
12/28/2014 4:42:00 PM	0	0	8	15.29	15.42	0	350	1342	4.116	4.1207	0	0	False	-0.25	-0.25	-0.2483333	0.25	0	0.0896	32.912	32.921	-1	0.034	4.116	4.116	4.116	4.116	4.116	4.116	4.116	4.116	0	0	0	0	0	0	0	0	0	0	0	0	0	0	0	0	0	0	0	0	0	0	0	0	0	0	0	0	0	0	0	0	0	0	0	0	0	0	0	0	0	0	0	
12/28/2014 4:42:10 PM	0	0	8	15.29	15.42	0	348	1352	4.116	4.1198	0	0	False	-0.2533333	-0.2516667	-0.2516667	0.25	0	0.0903	32.901	32.912	-1	0.046	4.116	4.116	4.116	4.116	4.116	4.116	4.116	4.116	0	0	0	0	0	0	0	0	0	0	0	0	0	0	0	0	0	0	0	0	0	0	0	0	0	0	0	0	0	0	0	0	0	0	0	0	0	0	0	0	0	0	0	
12/28/2014 4:42:21 PM	0	0	8	15.29	15.42	0	350	1362	4.115	4.1196	0	0	False	-0.25	-0.2483333	-0.2516667	0.25	0	0.091	32.901	32.912	-1	0.046	4.115	4.115	4.115	4.115	4.115	4.115	4.115	4.115	0	0	0	0	0	0	0	0	0	0	0	0	0	0	0	0	0	0	0	0	0	0	0	0	0	0	0	0	0	0	0	0	0	0	0	0	0	0	0	0	0	0	0	
12/28/2014 4:42:31 PM	0	0	8	15.29	15.42	0	352	1372	4.115	4.1195	0	0	False	-0.2483333	-0.25	-0.2516667	0.25	0	0.0917	32.901	32.91	-1	0.034	4.115	4.115	4.115	4.115	4.115	4.115	4.115	4.115	0	0	0	0	0	0	0	0	0	0	0	0	0	0	0	0	0	0	0	0	0	0	0	0	0	0	0	0	0	0	0	0	0	0	0	0	0	0	0	0	0	0	0	
12/28/2014 4:42:41 PM	0	0	8	15.29	15.42	0	346	1382	4.114	4.1185	0	0	False	-0.2516667	-0.2533333	-0.2433333	0.25	0	0.0924	32.901	32.901	-1	0.034	4.114	4.114	4.114	4.114	4.114	4.114	4.114	4.114	0	0	0	0	0	0	0	0	0	0	0	0	0	0	0	0	0	0	0	0	0	0	0	0	0	0	0	0	0	0	0	0	0	0	0	0	0	0	0	0	0	0	0	
12/28/2014 4:42:51 PM	0	0	8	15.29	15.42	0	346	1392	4.114	4.1185	0	0	False	-0.25	-0.25	-0.2616667	0.25	0	0.0931	32.889	32.901	-1	0.046	4.114	4.114	4.114	4.114	4.114	4.114	4.114	4.114	0	0	0	0	0	0	0	0	0	0	0	0	0	0	0	0	0	0	0	0	0	0	0	0	0	0	0	0	0	0	0	0	0	0	0	0	0	0	0	0	0	0	0	
12/28/2014 4:43:01 PM	0	0	8	15.29	15.42	0	344	1402	4.114	4.1181	0	0	False	-0.2516667	-0.25	-0.2483333	0.25	0	0.0938	32.889	32.9	-1	0.046	4.114	4.114	4.114	4.114	4.114	4.114	4.114	4.114	0	0	0	0	0	0	0	0	0	0	0	0	0	0	0	0	0	0	0	0	0	0	0	0	0	0	0	0	0	0	0	0	0	0	0	0	0	0	0	0	0	0	0	
12/28/2014 4:43:11 PM	0	0	8	15.29	15.42	0	346	1412	4.113	4.1173	0	0	False	-0.2483333	-0.2483333	-0.2483333	0.25	0	0.0945	32.889	32.894	-1	0.046	4.113	4.113	4.113	4.113	4.113	4.113	4.113	4.113	0	0	0	0	0	0	0	0	0	0	0	0	0	0	0	0	0	0	0	0	0	0	0	0	0	0	0	0	0	0	0	0	0	0	0	0	0	0	0	0	0	0	0	
12/28/2014 4:43:21 PM	0	0	8	15.29	15.42	0	348	1422	4.113	4.1173	0	0	False	-0.25	-0.2483333	-0.2433333	0.25	0	0.0952	32.878	32.889	-1	0.046	4.113	4.113	4.113	4.113	4.113	4.113	4.113	4.113	0	0	0	0	0	0	0	0	0	0	0	0	0	0	0	0	0	0	0	0	0	0	0	0	0	0	0	0	0	0	0	0	0	0	0	0	0	0	0	0	0	0	0	
12/28/2014 4:43:32 PM	0	0	8	15.29	15.42	0	348	1433	4.112	4.117	0	0	False	-0.2483333	-0.2483333	-0.2483333	0.25	0	0.0959	32.878	32.889	-1	0.046	4.112	4.112	4.112	4.112	4.112	4.112	4.112	4.112	0	0	0	0	0	0	0	0	0	0	0	0	0	0	0	0	0	0	0	0	0	0	0	0	0	0	0	0	0	0	0	0	0	0	0	0	0	0	0	0	0	0	0	
12/28/2014 4:43:42 PM	0	0	8	15.29	15.42	0	346	1443	4.112	4.1161	0	0	False	-0.2516667	-0.2533333	-0.2483333	0.25	0	0.0966	32.878	32.887	-1	0.046	4.112	4.112	4.112	4.112	4.112	4.112	4.112	4.112	0	0	0	0	0	0	0	0	0	0	0	0	0	0	0	0	0	0	0	0	0	0	0	0	0	0	0	0	0	0	0	0	0	0	0	0	0	0	0	0	0	0	0	
12/28/2014 4:43:52 PM	0	0	8	15.29	15.42	0	352	1453	4.112	4.116	0	0	False	-0.25	-0.2483333	-0.2533333	0.25	0	0.0973	32.866	32.878	-1	0.034	4.112	4.112	4.112	4.112	4.112	4.112	4.112	4.112	0	0	0	0	0	0	0	0	0	0	0	0	0	0	0	0	0	0	0	0	0	0	0	0	0	0	0	0	0	0	0	0	0	0	0	0	0	0	0	0	0	0	0	
12/28/2014 4:44:02 PM	0	0	8	15.29	15.42	0	342	1463	4.111	4.1158	0	0	False	-0.2516667	-0.25	-0.2483333	0.25	0	0.098	32.866	32.878	-1	0.046	4.111	4.111	4.111	4.111	4.111	4.111	4.111	4.111	0	0	0	0	0	0	0	0	0	0	0	0	0	0	0	0	0	0	0	0	0	0	0	0	0	0	0	0	0	0	0	0	0	0	0	0	0	0	0	0	0	0	0	
12/28/2014 4:44:12 PM	0	0	8	15.29	15.42	0	346	1473	4.111	4.1153	0	0	False	-0.2516667	-0.2516667	-0.2533333	0.25	0	0.0987	32.866	32.878	-1	0.046	4.111	4.111	4.111	4.111	4.111	4.111	4.111	4.111	0	0	0	0	0	0	0	0	0	0	0	0	0	0	0	0	0	0	0	0	0	0	0	0	0	0	0	0	0	0	0	0	0	0	0	0	0	0	0	0	0	0	0	
12/28/2014 4:44:22 PM	0	0	8	15.29	15.42	0	344	1483	4.11	4.1148	0	0	False	-0.25	-0.2533333	-0.2483333	0.25	0	0.0994	32.855	32.872	-1	0.034	4.11	4.11	4.11	4.11	4.11	4.11	4.11	4.11	0	0	0	0	0	0	0	0	0	0	0	0	0	0	0	0	0	0	0	0	0	0	0	0	0	0	0	0	0	0	0	0	0	0	0	0	0	0	0	0	0	0	0	
12/28/2014 4:44:32 PM	0	0	8	15.29	15.42	0	346	1493	4.11	4.1144	0	0	False	-0.2483333	-0.2533333	-0.2483333	0.25	0	0.1001	32.855	32.866	-1	0.046	4.11	4.11	4.11	4.11	4.11	4.11	4.11	4.11	0	0	0	0	0	0	0	0	0	0	0	0	0	0	0	0	0	0	0	0	0	0	0	0	0	0	0	0	0	0	0	0	0	0	0	0	0	0	0	0	0	0	0	
12/28/2014 4:44:43 PM	0	0	8	15.29	15.42	0	344	1503	4.11	4.114	0	0	False	-0.2516667	-0.2516667	-0.2533333	0.25	0	0.1008	32.855	32.866	-1	0.046	4.11	4.11	4.11	4.11	4.11	4.11	4.11	4.11	0	0	0	0	0	0	0	0	0	0	0	0	0	0	0	0	0	0	0	0	0	0	0	0	0	0	0	0	0	0	0	0	0	0	0	0	0	0	0	0	0	0	0	
12/28/2014 4:44:53 PM	0	0	8	15.29	15.42	0	342	1513	4.109	4.1135	0	0	False	-0.25	-0.2533333	-0.2433333	0.25	0	0.1015	32.855	32.866	-1	0.046	4.109	4.109	4.109	4.109	4.109	4.109	4.109	4.109	0	0	0	0	0	0	0	0	0	0	0	0	0	0	0	0	0	0	0	0	0	0	0	0	0	0	0	0	0	0	0	0	0	0	0	0	0	0	0	0	0	0	0	
12/28/2014 4:45:03 PM	0	0	8	15.29	15.42	0	346	1523	4.109	4.1133	0	0	False	-0.25	-0.2483333	-0.2483333	0.25	0	0.1022	32.843	32.861	-1	0.034	4.109	4.109	4.109	4.109	4.109	4.109	4.109	4.109	0	0	0	0	0	0	0	0	0	0	0	0	0	0	0	0	0	0	0	0	0	0	0	0	0	0	0	0	0	0	0	0	0	0	0	0	0	0	0	0	0	0	0	
12/28/2014 4:45:13 PM	0	0	8	15.29	15.42	0	348	1533	4.109	4.113	0	0	False	-0.2516667	-0.2516667	-0.2483333	0.25	0	0.1029	32.843	32.855	-1	0.046	4.109	4.109	4.109	4.109	4.109	4.109	4.109	4.109	0	0	0	0	0	0	0	0	0	0	0	0	0	0	0	0	0	0	0	0	0	0	0	0	0	0	0	0	0	0	0	0	0	0	0	0	0	0	0	0	0	0	0	
12/28/2014 4:45:23 PM	0	0	8	15.29	15.42	0	342	1544	4.108	4.1123	0	0	False	-0.25	-0.2516667	-0.235	0.25	0	0.1037	32.843	32.855	-1	0.046	4.108	4.108	4.108	4.108	4.108	4.108	4.108	4.108	0	0	0	0	0	0	0	0	0	0	0	0	0	0	0	0	0	0	0	0	0	0	0	0	0	0	0	0	0	0	0	0	0	0	0	0	0	0	0	0	0	0	0	
12/28/2014 4:45:33 PM	0	0	8	15.29	15.42	0	352	1554	4.108	4.1123	0	0	False	-0.25	-0.25	-0.2516667	0.25	0	0.1044	32.843	32.855	-1	0.046	4.108	4.108	4.108	4.108	4.108	4.108	4.108	4.108	0	0	0	0	0	0	0	0	0	0	0	0	0	0	0	0	0	0	0	0	0	0	0	0	0	0	0	0	0	0	0	0	0	0	0	0	0	0	0	0	0	0	0	
12/28/2014 4:45:43 PM	0	0	8	15.29	15.42	0	340	1564	4.108	4.1121	0	0	False	-0.2533333	-0.2533333	-0.2483333	0.25	0	0.105	32.832	32.85	-1	0.057	4.108	4.108	4.108	4.108	4.108	4.108	4.108	4.108	0	0	0	0	0	0	0	0	0	0	0	0	0	0	0	0	0	0	0	0	0	0	0	0	0	0	0	0	0	0	0	0	0	0	0	0	0	0	0	0	0	0	0	
12/28/2014 4:45:54 PM	0	0	8	15.29	15.42	0	342	1574	4.107	4.1114	0	0	False	-0.25	-0.2516667	-0.2483333	0.25	0	0.1057	32.832	32.843	-1	0.046	4.107	4.107	4.107	4.107	4.107	4.107	4.107	4.107	0	0	0	0	0	0	0	0	0	0	0	0	0	0	0	0	0	0	0	0	0	0	0	0	0	0	0	0	0	0	0	0	0	0	0	0	0	0	0	0	0	0	0	
12/28/2014 4:46:04 PM	0	0	8	15.29	15.42	0	348	1584	4.107	4.111	0	0	False	-0.25	-0.25	-0.2516667	0.25	0	0.1064	32.832	32.843	-1	0.046	4.107	4.107	4.107	4.107	4.107	4.107	4.107	4.107	0	0	0	0	0	0	0	0	0	0	0	0	0	0	0	0	0	0	0	0	0	0	0	0	0	0	0	0	0	0	0	0	0	0	0	0	0	0	0	0	0	0	0	
12/28/2014 4:46:14 PM	0	0	8	15.29	15.42	0	342	1594	4.107	4.1109	0	0	False	-0.25	-0.2516667	-0.2483333	0.25	0	0.1071	32.832	32.84	-1	0.046	4.107	4.107	4.107	4.107	4.107	4.107	4.107	4.107	0	0	0	0	0	0	0	0	0	0	0	0	0	0	0	0	0	0	0	0	0	0	0	0	0	0	0	0	0	0	0	0	0	0	0	0	0	0	0	0	0	0	0	
12/28/2014 4:46:24 PM	0	0	8	15.29	15.42	0	346	1604	4.106	4.1105	0	0	False	-0.2516667	-0.25	-0.235	0.25	0	0.1078	32.832	32.835	-1	0.034	4.106	4.106	4.106	4.106	4.106	4.106	4.106	4.106	0	0	0	0	0	0	0	0	0	0	0	0	0	0	0	0	0	0	0	0	0	0	0	0	0	0	0	0	0	0	0	0	0	0	0	0	0	0	0	0	0	0	0	
12/28/2014 4:46:34 PM	0	0	8	15.29	15.42	0	344	1614	4.106	4.1098	0	0	False	-0.25	-0.25	-0.2483333	0.25	0	0.1085	32.82	32.832	-1	0.046	4.106	4.106	4.106	4.106	4.106	4.106	4.106	4.106	0	0	0	0	0	0	0	0	0	0	0	0	0	0	0	0	0	0	0	0	0	0	0	0	0	0	0	0	0	0	0	0	0	0	0	0	0	0	0	0	0	0	0	
12/28/2014 4:46:44 PM	0	0	8	15.29	15.42	0	346	1624	4.106	4.1098	0	0	False	-0.25	-0.25	-0.2433333	0.25	0	0.1092	32.82	32.832	-1	0.046	4.106	4.106	4.106	4.106	4.106	4.106	4.106	4.106	0	0	0	0	0	0	0	0	0	0	0	0	0	0	0	0	0	0	0	0	0	0	0	0	0	0	0	0	0	0	0	0	0	0	0	0	0	0	0	0	0	0	0	
12/28/2014 4:46:54 PM	0	0	8	15.29	15.42	0	348	1634	4.105	4.1096	0	0	False	-0.25	-0.2516667	-0.2483333	0.25	0	0.1099	32.82	32.828	-1	0.046	4.105	4.105	4.105	4.105	4.105	4.105	4.105	4.105	0	0	0	0	0	0	0	0	0	0	0	0	0	0	0	0	0	0	0	0	0	0	0	0	0	0	0	0	0	0	0	0	0	0	0	0	0	0	0	0	0	0	0	
12/28/2014 4:47:05 PM	0	0	8	15.29	15.42	0	342	1644	4.105	4.1085	0	0	False	-0.25	-0.2516667	-0.2516667	0.25	0	0.1106	32.82	32.82	-1	0.034	4.105	4.105	4.105	4.105	4.105	4.105	4.105	4.105	0	0	0	0	0	0	0	0	0	0	0	0	0	0	0	0	0	0	0	0	0	0	0	0	0	0	0	0	0	0	0	0	0	0	0	0	0	0	0	0	0	0	0	
12/28/2014 4:47:15 PM	0	0	8	15.29	15.42	0	346	1655	4.104	4.1085	0	0	False	-0.2483333	-0.2483333	-0.2433333	0.25	0	0.1114	32.809	32.82	-1	0.046	4.104	4.104	4.104	4.104	4.104	4.104	4.104	4.104	0	0	0	0	0	0	0	0	0	0	0	0	0	0	0	0	0	0	0	0	0	0	0	0	0	0	0	0	0	0	0	0	0	0	0	0	0	0	0	0	0	0	0	
12/28/2014 4:47:25 PM	0	0	8	15.29	15.42	0	344	1665	4.104	4.1084	0	0	False	-0.2516667	-0.2533333	-0.2483333	0.25	0	0.1121	32.809	32.82	-1	0.046	4.104	4.104	4.104	4.104	4.104	4.104	4.104	4.104	0	0	0	0	0	0	0	0	0	0	0	0	0	0	0	0	0	0	0	0	0	0	0	0	0	0	0	0	0	0	0	0	0	0	0	0	0	0	0	0	0	0	0	
12/28/2014 4:47:35 PM	0	0	8	15.29	15.42	0	338	1675	4.104	4.1079	0	0	False	-0.2533333	-0.2533333	-0.2483333	0.25	0	0.1128	32.809	32.82	-1	0.046	4.104	4.104	4.104	4.104	4.104	4.104	4.104	4.104	0	0	0	0	0	0	0	0	0	0	0	0	0	0	0	0	0	0	0	0	0	0	0	0	0	0	0	0	0	0	0	0	0	0	0	0	0	0	0	0	0	0	0	
12/28/2014 4:47:45 PM	0	0	8	15.29	15.42	0	348	1685	4.103	4.1073	0	0	False	-0.25	-0.2466667	-0.2533333	0.25	0	0.1135	32.797	32.815	-1	0.046	4.103	4.103	4.103	4.103	4.103	4.103	4.103	4.103	0	0	0	0	0	0	0	0	0	0	0	0	0	0	0	0	0	0	0	0	0	0	0	0	0	0	0	0	0	0	0	0	0	0	0	0	0	0	0	0	0	0	0	
12/28/2014 4:47:55 PM	0	0	8	15.29	15.42	0	342	1695	4.103	4.1073	0	0	False	-0.2516667	-0.2533333	-0.235	0.25	0	0.1142	32.809	32.809	-1	0.034	4.103	4.103	4.103	4.103	4.103	4.103	4.103	4.103	0	0	0	0	0	0	0	0	0	0	0	0	0	0	0	0	0	0	0	0	0	0	0	0	0	0	0	0	0	0	0	0	0	0	0	0	0	0	0	0	0	0	0	
12/28/2014 4:48:05 PM	0	0	8	15.29	15.42	0	350	1705	4.103	4.1073	0	0	False	-0.25	-0.2466667	-0.2433333	0.25	0	0.1149	32.797	32.809	-1	0.046	4.103	4.103	4.103	4.103	4.103	4.103	4.103	4.103	0	0	0	0	0	0	0	0	0	0	0	0	0	0	0	0	0	0	0	0	0	0	0	0	0	0	0	0	0	0	0	0	0	0	0	0	0	0	0	0	0	0	0	
12/28/2014 4:48:16 PM	0	0	8	15.29	15.42	0	352	1715	4.102	4.1069	0	0	False	-0.25	-0.2466667	-0.2533333	0.25	0	0.1156	32.786	32.808	-1	0.046	4.102	4.102	4.102	4.102	4.102	4.102	4.102	4.102	0	0	0	0	0	0	0	0	0	0	0	0	0	0	0	0	0	0	0	0	0	0	0	0	0	0	0	0	0	0	0	0	0	0	0	0	0	0	0	0	0	0	0	
12/28/2014 4:48:26 PM	0	0	8	15.29	15.42	0	346	1725	4.102	4.106	0	0	False	-0.2516667	-0.2483333	-0.2533333	0.25	0	0.1163	32.797	32.802	-1	0.057	4.102	4.102	4.102	4.102	4.102	4.102	4.102	4.102	0	0	0	0	0	0	0	0	0	0	0	0	0	0	0	0	0	0	0	0	0	0	0	0	0	0	0	0	0	0	0	0	0	0	0	0	0	0	0	0	0	0	0	
12/28/2014 4:48:36 PM	0	0	8	15.29	15.42	0	348	1735	4.102	4.106	0	0	False	-0.25	-0.25	-0.2533333	0.25	0	0.117	32.786	32.797	-1	0.046	4.102	4.102	4.102	4.102	4.102	4.102	4.102	4.102	0	0	0	0	0	0	0	0	0	0	0	0	0	0	0	0	0	0	0	0	0	0	0	0	0	0	0	0	0	0	0	0	0	0	0	0	0	0	0	0	0	0	0	
12/28/2014 4:48:46 PM	0	0	8	15.29	15.42	0	344	1745	4.101	4.1058	0	0	False	-0.2483333	-0.2516667	-0.2533333	0.25	0	0.1177	32.786	32.797	-1	0.046	4.101	4.101	4.101	4.101	4.101	4.101	4.101	4.101	0	0	0	0	0	0	0	0	0	0	0	0	0	0	0	0	0	0	0	0	0	0	0	0	0	0	0	0	0	0	0	0	0	0	0	0	0	0	0	0	0	0	0	
12/28/2014 4:48:56 PM	0	0	8	15.29	15.42	0	350	1755	4.101	4.1048	0	0	False	-0.2483333	-0.2466667	-0.2433333	0.25	0	0.1184	32.786	32.797	-1	0.046	4.101	4.101	4.101	4.101	4.101	4.101	4.101	4.101	0	0	0	0	0	0	0	0	0	0	0	0	0	0	0	0	0	0	0	0	0	0	0	0	0	0	0	0	0	0	0	0	0	0	0	0	0	0	0	0	0	0	0	
12/28/2014 4:49:06 PM	0	0	8	15.29	15.42	0	344	1766	4.101	4.1048	0	0	False	-0.2483333	-0.2483333	-0.2483333	0.25	0	0.1191	32.786	32.795	-1	0.057	4.101	4.101	4.101	4.101	4.101	4.101	4.101	4.101	0	0	0	0	0	0	0	0	0	0	0	0	0	0	0	0	0	0	0	0	0	0	0	0	0	0	0	0	0	0	0	0	0	0	0	0	0	0	0	0	0	0	0	
12/28/2014 4:49:16 PM	0	0	8	15.29	15.42	0	342	1776	4.1	4.1048	0	0	False	-0.2516667	-0.2516667	-0.235	0.25	0	0.1198	32.775	32.786	-1	0.034	4.1	4.1	4.1	4.1	4.1	4.1	4.1	4.1	0	0	0	0	0	0	0	0	0	0	0	0	0	0	0	0	0	0	0	0	0	0	0	0	0	0	0	0	0	0	0	0	0	0	0	0	0	0	0	0	0	0	0	
12/28/2014 4:49:27 PM	0	0	8	15.29	15.42	0	352	1786	4.1	4.1044	0	0	False	-0.2483333	-0.2483333	-0.2616667	0.25	0	0.1205	32.775	32.786	-1	0.046	4.1	4.1	4.1	4.1	4.1	4.1	4.1	4.1	0	0	0	0	0	0	0	0	0	0	0	0	0	0	0	0	0	0	0	0	0	0	0	0	0	0	0	0	0	0	0	0	0	0	0	0	0	0	0	0	0	0	0	
12/28/2014 4:49:37 PM	0	0	8	15.29	15.42	0	348	1796	4.1	4.1035	0	0	False	-0.25	-0.2516667	-0.2616667	0.25	0	0.1212	32.775	32.786	-1	0.046	4.1	4.1	4.1	4.1	4.1	4.1	4.1	4.1	0	0	0	0	0	0	0	0	0	0	0	0	0	0	0	0	0	0	0	0	0	0	0	0	0	0	0	0	0	0	0	0	0	0	0	0	0	0	0	0	0	0	0	
12/28/2014 4:49:47 PM	0	0	8	15.29	15.42	0	346	1806	4.099	4.1035	0	0	False	-0.2516667	-0.25	-0.2483333	0.25	0	0.1219	32.775	32.785	-1	0.046	4.099	4.099	4.099	4.099	4.099	4.099	4.099	4.099	0	0	0	0	0	0	0	0	0	0	0	0	0	0	0	0	0	0	0	0	0	0	0	0	0	0	0	0	0	0	0	0	0	0	0	0	0	0	0	0	0	0	0	
12/28/2014 4:49:57 PM	0	0	8	15.29	15.42	0	352	1816	4.099	4.1035	0	0	False	-0.25	-0.2483333	-0.2483333	0.25	0	0.1226	32.763	32.782	-1	0.034	4.099	4.099	4.099	4.099	4.099	4.099	4.099	4.099	0	0	0	0	0	0	0	0	0	0	0	0	0	0	0	0	0	0	0	0	0	0	0	0	0	0	0	0	0	0	0	0	0	0	0	0	0	0	0	0	0	0	0	
12/28/2014 4:50:07 PM	0	0	8	15.29	15.42	0	338	1826	4.099	4.1031	0	0	False	-0.2516667	-0.2566667	-0.2483333	0.25	0	0.1233	32.763	32.775	-1	0.046	4.099	4.099	4.099	4.099	4.099	4.099	4.099	4.099	0	0	0	0	0	0	0	0	0	0	0	0	0	0	0	0	0	0	0	0	0	0	0	0	0	0	0	0	0	0	0	0	0	0	0	0	0	0	0	0	0	0	0	
12/28/2014 4:50:17 PM	0	0	8	15.29	15.42	0	342	1836	4.098	4.1023	0	0	False	-0.2516667	-0.2533333	-0.2516667	0.25	0	0.124	32.763	32.775	-1	0.046	4.098	4.098	4.098	4.098	4.098	4.098	4.098	4.098	0	0	0	0	0	0	0	0	0	0	0	0	0	0	0	0	0	0	0	0	0	0	0	0	0	0	0	0	0	0	0	0	0	0	0	0	0	0	0	0	0	0	0	
12/28/2014 4:50:28 PM	0	0	8	15.29	15.42	0	348	1846	4.098	4.1023	0	0	False	-0.2483333	-0.2483333	-0.2516667	0.25	0	0.1247	32.763	32.774	-1	0.046	4.098	4.098	4.098	4.098	4.098	4.098	4.098	4.098	0	0	0	0	0	0	0	0	0	0	0	0	0	0	0	0	0	0	0	0	0	0	0	0	0	0	0	0	0	0	0	0	0	0	0	0	0	0	0	0	0	0	0	
12/28/2014 4:50:38 PM	0	0	8	15.29	15.42	0	346	1856	4.098	4.1023	0	0	False	-0.2483333	-0.2483333	-0.235	0.25	0	0.1254	32.763	32.772	-1	0.046	4.098	4.098	4.098	4.098	4.098	4.098	4.098	4.098	0	0	0	0	0	0	0	0	0	0	0	0	0	0	0	0	0	0	0	0	0	0	0	0	0	0	0	0	0	0	0	0	0	0	0	0	0	0	0	0	0	0	0	
12/28/2014 4:50:48 PM	0	0	8	15.29	15.42	0	344	1866	4.098	4.1023	0	0	False	-0.2516667	-0.2516667	-0.2516667	0.25	0	0.1261	32.763	32.765	-1	0.057	4.098	4.098	4.098	4.098	4.098	4.098	4.098	4.098	0	0	0	0	0	0	0	0	0	0	0	0	0	0	0	0	0	0	0	0	0	0	0	0	0	0	0	0	0	0	0	0	0	0	0	0	0	0	0	0	0	0	0	
12/28/2014 4:50:58 PM	0	0	8	15.29	15.42	0	354	1876	4.097	4.1013	0	0	False	-0.25	-0.2483333	-0.2516667	0.25	0	0.1269	32.752	32.763	-1	0.046	4.097	4.097	4.097	4.097	4.097	4.097	4.097	4.097	0	0	0	0	0	0	0	0	0	0	0	0	0	0	0	0	0	0	0	0	0	0	0	0	0	0	0	0	0	0	0	0	0	0	0	0	0	0	0	0	0	0	0	
12/28/2014 4:51:08 PM	0	0	8	15.29	15.42	0	342	1887	4.097	4.101	0	0	False	-0.25	-0.2533333	-0.2533333	0.25	0	0.1276	32.752	32.763	-1	0.046	4.097	4.097	4.097	4.097	4.097	4.097	4.097	4.097	0	0	0	0	0	0	0	0	0	0	0	0	0	0	0	0	0	0	0	0	0	0	0	0	0	0	0	0	0	0	0	0	0	0	0	0	0	0	0	0	0	0	0	
12/28/2014 4:51:18 PM	0	0	8	15.29	15.42	0	344	1897	4.097	4.101	0	0	False	-0.25	-0.2516667	-0.2533333	0.25	0	0.1283	32.752	32.763	-1	0.046	4.097	4.097	4.097	4.097	4.097	4.097	4.097	4.097	0	0	0	0	0	0	0	0	0	0	0	0	0	0	0	0	0	0	0	0	0	0	0	0	0	0	0	0	0	0	0	0	0	0	0	0	0	0	0	0	0	0	0	
12/28/2014 4:51:28 PM	0	0	8	15.29	15.42	0	346	1907	4.097	4.101	0	0	False	-0.25	-0.25	-0.2533333	0.25	0	0.129	32.752	32.761	-1	0.046	4.097	4.097	4.097	4.097	4.097	4.097	4.097	4.097	0	0	0	0	0	0	0	0	0	0	0	0	0	0	0	0	0	0	0	0	0	0	0	0	0	0	0	0	0	0	0	0	0	0	0	0	0	0	0	0	0	0	0	
12/28/2014 4:51:39 PM	0	0	8	15.29	15.42	0	352	1917	4.096	4.1009	0	0	False	-0.25	-0.2483333	-0.2533333	0.25	0	0.1297	32.752	32.757	-1	0.046	4.096	4.096	4.096	4.096	4.096	4.096	4.096	4.096	0	0	0	0	0	0	0	0	0	0	0	0	0	0	0	0	0	0	0	0	0	0	0	0	0	0	0	0	0	0	0	0	0	0	0	0	0	0	0	0	0	0	0	
12/28/2014 4:51:49 PM	0	0	8	15.29	15.42	0	348	1927	4.096	4.0998	0	0	False	-0.2516667	-0.2533333	-0.2433333	0.25	0	0.1304	32.74	32.752	-1	0.046	4.096	4.096	4.096	4.096	4.096	4.096	4.096	4.096	0	0	0	0	0	0	0	0	0	0	0	0	0	0	0	0	0	0	0	0	0	0	0	0	0	0	0	0	0	0	0	0	0	0	0	0	0	0	0	0	0	0	0	
12/28/2014 4:51:59 PM	0	0	8	15.29	15.42	0	342	1937	4.095	4.0998	0	0	False	-0.2516667	-0.2533333	-0.2533333	0.25	0	0.131	32.74	32.752	-1	0.046	4.095	4.095	4.095	4.095	4.095	4.095	4.095	4.095	0	0	0	0	0	0	0	0	0	0	0	0	0	0	0	0	0	0	0	0	0	0	0	0	0	0	0	0	0	0	0	0	0	0	0	0	0	0	0	0	0	0	0	
12/28/2014 4:52:09 PM	0	0	8	15.29	15.42	0	344	1947	4.095	4.0998	0	0	False	-0.2483333	-0.2483333	-0.2433333	0.25	0	0.1317	32.74	32.752	-1	0.046	4.095	4.095	4.095	4.095	4.095	4.095	4.095	4.095	0	0	0	0	0	0	0	0	0	0	0	0	0	0	0	0	0	0	0	0	0	0	0	0	0	0	0	0	0	0	0	0	0	0	0	0	0	0	0	0	0	0	0	
12/28/2014 4:52:19 PM	0	0	8	15.29	15.42	0	346	1957	4.095	4.0993	0	0	False	-0.25	-0.2516667	-0.2483333	0.25	0	0.1324	32.74	32.752	-1	0.046	4.095	4.095	4.095	4.095	4.095	4.095	4.095	4.095	0	0	0	0	0	0	0	0	0	0	0	0	0	0	0	0	0	0	0	0	0	0	0	0	0	0	0	0	0	0	0	0	0	0	0	0	0	0	0	0	0	0	0	
12/28/2014 4:52:29 PM	0	0	8	15.29	15.42	0	344	1967	4.095	4.0985	0	0	False	-0.25	-0.2533333	-0.2533333	0.25	0	0.1331	32.74	32.751	-1	0.046	4.095	4.095	4.095	4.095	4.095	4.095	4.095	4.095	0	0	0	0	0	0	0	0	0	0	0	0	0	0	0	0	0	0	0	0	0	0	0	0	0	0	0	0	0	0	0	0	0	0	0	0	0	0	0	0	0	0	0	
12/28/2014 4:52:39 PM	0	0	8	15.29	15.42	0	340	1977	4.095	4.0985	0	0	False	-0.2516667	-0.25	-0.2433333	0.25	0	0.1338	32.74	32.744	-1	0.046	4.095	4.095	4.095	4.095	4.095	4.095	4.095	4.095	0	0	0	0	0	0	0	0	0	0	0	0	0	0	0	0	0	0	0	0	0	0	0	0	0	0	0	0	0	0	0	0	0	0	0	0	0	0	0	0	0	0	0	
12/28/2014 4:52:50 PM	0	0	8	15.29	15.42	0	350	1987	4.094	4.0983	0	0	False	-0.25	-0.25	-0.2666667	0.25	0	0.1346	32.74	32.74	-1	0.046	4.094	4.094	4.094	4.094	4.094	4.094	4.094	4.094	0	0	0	0	0	0	0	0	0	0	0	0	0	0	0	0	0	0	0	0	0	0	0	0	0	0	0	0	0	0	0	0	0	0	0	0	0	0	0	0	0	0	0	
12/28/2014 4:53:00 PM	0	0	8	15.29	15.42	0	348	1998	4.094	4.0981	0	0	False	-0.2516667	-0.2533333	-0.2516667	0.25	0	0.1353	32.729	32.74	-1	0.046	4.094	4.094	4.094	4.094	4.094	4.094	4.094	4.094	0	0	0	0	0	0	0	0	0	0	0	0	0	0	0	0	0	0	0	0	0	0	0	0	0	0	0	0	0	0	0	0	0	0	0	0	0	0	0	0	0	0	0	
12/28/2014 4:53:10 PM	0	0	8	15.29	15.42	0	342	2008	4.094	4.0976	0	0	False	-0.25	-0.25	-0.2433333	0.25	0	0.136	32.729	32.74	-1	0.046	4.094	4.094	4.094	4.094	4.094	4.094	4.094	4.094	0	0	0	0	0	0	0	0	0	0	0	0	0	0	0	0	0	0	0	0	0	0	0	0	0	0	0	0	0	0	0	0	0	0	0	0	0	0	0	0	0	0	0	
12/28/2014 4:53:20 PM	0	0	8	15.29	15.42	0	342	2018	4.094	4.0973	0	0	False	-0.2533333	-0.2516667	-0.2433333	0.25	0	0.1367	32.729	32.739	-1	0.046	4.094	4.094	4.094	4.094	4.094	4.094	4.094	4.094	0	0	0	0	0	0	0	0	0	0	0	0	0	0	0	0	0	0	0	0	0	0	0	0	0	0	0	0	0	0	0	0	0	0	0	0	0	0	0	0	0	0	0	
12/28/2014 4:53:30 PM	0	0	8	15.29	15.42	0	348	2028	4.093	4.0973	0	0	False	-0.25	-0.2483333	-0.2516667	0.25	0	0.1374	32.717	32.732	-1	0.046	4.093	4.093	4.093	4.093	4.093	4.093	4.093	4.093	0	0	0	0	0	0	0	0	0	0	0	0	0	0	0	0	0	0	0	0	0	0	0	0	0	0	0	0	0	0	0	0	0	0	0	0	0	0	0	0	0	0	0	
12/28/2014 4:53:40 PM	0	0	8	15.29	15.42	0	350	2038	4.093	4.0973	0	0	False	-0.25	-0.2483333	-0.2433333	0.25	0	0.1381	32.717	32.729	-1	0.034	4.093	4.093	4.093	4.093	4.093	4.093	4.093	4.093	0	0	0	0	0	0	0	0	0	0	0	0	0	0	0	0	0	0	0	0	0	0	0	0	0	0	0	0	0	0	0	0	0	0	0	0	0	0	0	0	0	0	0	
12/28/2014 4:53:50 PM	0	0	8	15.29	15.42	0	348	2048	4.093	4.0973	0	0	False	-0.2516667	-0.25	-0.2516667	0.25	0	0.1388	32.717	32.728	-1	0.046	4.093	4.093	4.093	4.093	4.093	4.093	4.093	4.093	0	0	0	0	0	0	0	0	0	0	0	0	0	0	0	0	0	0	0	0	0	0	0	0	0	0	0	0	0	0	0	0	0	0	0	0	0	0	0	0	0	0	0	
12/28/2014 4:54:01 PM	0	0	8	15.29	15.42	0	342	2058	4.093	4.0965	0	0	False	-0.25	-0.2516667	-0.2433333	0.25	0	0.1395	32.717	32.729	-1	0.046	4.093	4.093	4.093	4.093	4.093	4.093	4.093	4.093	0	0	0	0	0	0	0	0	0	0	0	0	0	0	0	0	0	0	0	0	0	0	0	0	0	0	0	0	0	0	0	0	0	0	0	0	0	0	0	0	0	0	0	
12/28/2014 4:54:11 PM	0	0	8	15.29	15.42	0	342	2068	4.092	4.096	0	0	False	-0.25	-0.2516667	-0.2483333	0.25	0	0.1402	32.717	32.727	-1	0.046	4.092	4.092	4.092	4.092	4.092	4.092	4.092	4.092	0	0	0	0	0	0	0	0	0	0	0	0	0	0	0	0	0	0	0	0	0	0	0	0	0	0	0	0	0	0	0	0	0	0	0	0	0	0	0	0	0	0	0	
12/28/2014 4:54:21 PM	0	0	8	15.29	15.42	0	352	2078	4.092	4.096	0	0	False	-0.2483333	-0.2483333	-0.2616667	0.25	0	0.1409	32.706	32.724	-1	0.046	4.092	4.092	4.092	4.092	4.092	4.092	4.092	4.092	0	0	0	0	0	0	0	0	0	0	0	0	0	0	0	0	0	0	0	0	0	0	0	0	0	0	0	0	0	0	0	0	0	0	0	0	0	0	0	0	0	0	0	
12/28/2014 4:54:31 PM	0	0	8	15.29	15.42	0	350	2088	4.092	4.0959	0	0	False	-0.25	-0.25	-0.2516667	0.25	0	0.1416	32.706	32.717	-1	0.046	4.092	4.092	4.092	4.092	4.092	4.092	4.092	4.092	0	0	0	0	0	0	0	0	0	0	0	0	0	0	0	0	0	0	0	0	0	0	0	0	0	0	0	0	0	0	0	0	0	0	0	0	0	0	0	0	0	0	0	
12/28/2014 4:54:41 PM	0	0	8	15.29	15.42	0	352	2098	4.091	4.0958	0	0	False	-0.2483333	-0.2483333	-0.2483333	0.25	0	0.1423	32.706	32.717	-1	0.046	4.091	4.091	4.091	4.091	4.091	4.091	4.091	4.091	0	0	0	0	0	0	0	0	0	0	0	0	0	0	0	0	0	0	0	0	0	0	0	0	0	0	0	0	0	0	0	0	0	0	0	0	0	0	0	0	0	0	0	
12/28/2014 4:54:51 PM	0	0	8	15.29	15.42	0	348	2109	4.091	4.0956	0	0	False	-0.25	-0.25	-0.2433333	0.25	0	0.143	32.706	32.716	-1	0.046	4.091	4.091	4.091	4.091	4.091	4.091	4.091	4.091	0	0	0	0	0	0	0	0	0	0	0	0	0	0	0	0	0	0	0	0	0	0	0	0	0	0	0	0	0	0	0	0	0	0	0	0	0	0	0	0	0	0	0	
12/28/2014 4:55:01 PM	0	0	8	15.29	15.42	0	352	2118	4.091	4.095	0	0	False	-0.25	-0.2483333	-0.2483333	0.25	0	0.1437	32.706	32.713	-1	0.057	4.091	4.091	4.091	4.091	4.091	4.091	4.091	4.091	0	0	0	0	0	0	0	0	0	0	0	0	0	0	0	0	0	0	0	0	0	0	0	0	0	0	0	0	0	0	0	0	0	0	0	0	0	0	0	0	0	0	0	
12/28/2014 4:55:12 PM	0	0	8	15.29	15.42	0	348	2129	4.091	4.0947	0	0	False	-0.2483333	-0.2483333	-0.2433333	0.25	0	0.1444	32.706	32.711	-1	0.046	4.091	4.091	4.091	4.091	4.091	4.091	4.091	4.091	0	0	0	0	0	0	0	0	0	0	0	0	0	0	0	0	0	0	0	0	0	0	0	0	0	0	0	0	0	0	0	0	0	0	0	0	0	0	0	0	0	0	0	
12/28/2014 4:55:22 PM	0	0	8	15.29	15.42	0	346	2139	4.09	4.0947	0	0	False	-0.2516667	-0.2483333	-0.2483333	0.25	0	0.1451	32.694	32.706	-1	0.046	4.09	4.09	4.09	4.09	4.09	4.09	4.09	4.09	0	0	0	0	0	0	0	0	0	0	0	0	0	0	0	0	0	0	0	0	0	0	0	0	0	0	0	0	0	0	0	0	0	0	0	0	0	0	0	0	0	0	0	
12/28/2014 4:55:32 PM	0	0	8	15.29	15.42	0	352	2149	4.09	4.0944	0	0	False	-0.25	-0.2483333	-0.2533333	0.25	0	0.1458	32.694	32.706	-1	0.046	4.09	4.09	4.09	4.09	4.09	4.09	4.09	4.09	0	0	0	0	0	0	0	0	0	0	0	0	0	0	0	0	0	0	0	0	0	0	0	0	0	0	0	0	0	0	0	0	0	0	0	0	0	0	0	0	0	0	0	
12/28/2014 4:55:42 PM	0	0	8	15.29	15.42	0	344	2159	4.09	4.0936	0	0	False	-0.2483333	-0.2516667	-0.2533333	0.25	0	0.1465	32.694	32.706	-1	0.046	4.09	4.09	4.09	4.09	4.09	4.09	4.09	4.09	0	0	0	0	0	0	0	0	0	0	0	0	0	0	0	0	0	0	0	0	0	0	0	0	0	0	0	0	0	0	0	0	0	0	0	0	0	0	0	0	0	0	0	
12/28/2014 4:55:52 PM	0	0	8	15.29	15.42	0	350	2169	4.09	4.0935	0	0	False	-0.25	-0.2483333	-0.2433333	0.25	0	0.1472	32.694	32.706	-1	0.046	4.09	4.09	4.09	4.09	4.09	4.09	4.09	4.09	0	0	0	0	0	0	0	0	0	0	0	0	0	0	0	0	0	0	0	0	0	0	0	0	0	0	0	0	0	0	0	0	0	0	0	0	0	0	0	0	0	0	0	
12/28/2014 4:56:02 PM	0	0	8	15.29	15.42	0	348	2179	4.09	4.0935	0	0	False	-0.2516667	-0.2483333	-0.2616667	0.25	0	0.1479	32.694	32.706	-1	0.046	4.09	4.09	4.09	4.09	4.09	4.09	4.09	4.09	0	0	0	0	0	0	0	0	0	0	0	0	0	0	0	0	0	0	0	0	0	0	0	0	0	0	0	0	0	0	0	0	0	0	0	0	0	0	0	0	0	0	0	
12/28/2014 4:56:12 PM	0	0	8	15.29	15.42	0	346	2189	4.089	4.0935	0	0	False	-0.2516667	-0.2516667	-0.2483333	0.25	0	0.1486	32.694	32.705	-1	0.046	4.089	4.089	4.089	4.089	4.089	4.089	4.089	4.089	0	0	0	0	0	0	0	0	0	0	0	0	0	0	0	0	0	0	0	0	0	0	0	0	0	0	0	0	0	0	0	0	0	0	0	0	0	0	0	0	0	0	0	
12/28/2014 4:56:23 PM	0	0	8	15.29	15.42	0	346	2199	4.089	4.0934	0	0	False	-0.2516667	-0.2466667	-0.2433333	0.25	0	0.1493	32.683	32.699	-1	0.057	4.089	4.089	4.089	4.089	4.089	4.089	4.089	4.089	0	0	0	0	0	0	0	0	0	0	0	0	0	0	0	0	0	0	0	0	0	0	0	0	0	0	0	0	0	0	0	0	0	0	0	0	0	0	0	0	0	0	0	
12/28/2014 4:56:33 PM	0	0	8	15.29	15.42	0	344	2209	4.089	4.0933	0	0	False	-0.25	-0.25	-0.2483333	0.25	0	0.15	32.683	32.694	-1	0.046	4.089	4.089	4.089	4.089	4.089	4.089	4.089	4.089	0	0	0	0	0	0	0	0	0	0	0	0	0	0	0	0	0	0	0	0	0	0	0	0	0	0	0	0	0	0	0	0	0	0	0	0	0	0	0	0	0	0	0	
12/28/2014 4:56:43 PM	0	0	8	15.29	15.42	0	346	2220	4.089	4.0925	0	0	False	-0.2516667	-0.2516667	-0.2483333	0.25	0	0.1508	32.683	32.694	-1	0.034	4.089	4.089	4.089	4.089	4.089	4.089	4.089	4.089	0	0	0	0	0	0	0	0	0	0	0	0	0	0	0	0	0	0	0	0	0	0	0	0	0	0	0	0	0	0	0	0	0	0	0	0	0	0	0	0	0	0	0	
12/28/2014 4:56:53 PM	0	0	8	15.29	15.42	0	344	2230	4.089	4.0922	0	0	False	-0.2516667	-0.2516667	-0.2516667	0.25	0	0.1514	32.683	32.694	-1	0.046	4.089	4.089	4.089	4.089	4.089	4.089	4.089	4.089	0	0	0	0	0	0	0	0	0	0	0	0	0	0	0	0	0	0	0	0	0	0	0	0	0	0	0	0	0	0	0	0	0	0	0	0	0	0	0	0	0	0	0	
12/28/2014 4:57:03 PM	0	0	8	15.29	15.42	0	346	2240	4.088	4.0922	0	0	False	-0.25	-0.25	-0.2516667	0.25	0	0.1521	32.671	32.693	-1	0.057	4.088	4.088	4.088	4.088	4.088	4.088	4.088	4.088	0	0	0	0	0	0	0	0	0	0	0	0	0	0	0	0	0	0	0	0	0	0	0	0	0	0	0	0	0	0	0	0	0	0	0	0	0	0	0	0	0	0	0	
12/28/2014 4:57:13 PM	0	0	8	15.29	15.42	0	350	2250	4.088	4.0922	0	0	False	-0.2483333	-0.25	-0.2516667	0.25	0	0.1528	32.683	32.69	-1	0.046	4.088	4.088	4.088	4.088	4.088	4.088	4.088	4.088	0	0	0	0	0	0	0	0	0	0	0	0	0	0	0	0	0	0	0	0	0	0	0	0	0	0	0	0	0	0	0	0	0	0	0	0	0	0	0	0	0	0	0	
12/28/2014 4:57:23 PM	0	0	8	15.29	15.42	0	348	2260	4.088	4.0922	0	0	False	-0.2516667	-0.25	-0.2616667	0.25	0	0.1535	32.683	32.689	-1	0.046	4.088	4.088	4.088	4.088	4.088	4.088	4.088	4.088	0	0	0	0	0	0	0	0	0	0	0	0	0	0	0	0	0	0	0	0	0	0	0	0	0	0	0	0	0	0	0	0	0	0	0	0	0	0	0	0	0	0	0	
12/28/2014 4:57:34 PM	0	0	8	15.29	15.42	0	350	2270	4.088	4.0921	0	0	False	-0.25	-0.2483333	-0.2516667	0.25	0	0.1542	32.683	32.683	-1	0.046	4.088	4.088	4.088	4.088	4.088	4.088	4.088	4.088	0	0	0	0	0	0	0	0	0	0	0	0	0	0	0	0	0	0	0	0	0	0	0	0	0	0	0	0	0	0	0	0	0	0	0	0	0	0	0	0	0	0	0	
12/28/2014 4:57:44 PM	0	0	8	15.29	15.42	0	348	2280	4.088	4.0915	0	0	False	-0.2483333	-0.2466667	-0.2516667	0.25	0	0.1549	32.671	32.683	-1	0.046	4.088	4.088	4.088	4.088	4.088	4.088	4.088	4.088	0	0	0	0	0	0	0	0	0	0	0	0	0	0	0	0	0	0	0	0	0	0	0	0	0	0	0	0	0	0	0	0	0	0	0	0	0	0	0	0	0	0	0	
12/28/2014 4:57:54 PM	0	0	8	15.29	15.42	0	352	2290	4.087	4.091	0	0	False	-0.2483333	-0.25	-0.2483333	0.25	0	0.1556	32.671	32.683	-1	0.046	4.087	4.087	4.087	4.087	4.087	4.087	4.087	4.087	0	0	0	0	0	0	0	0	0	0	0	0	0	0	0	0	0	0	0	0	0	0	0	0	0	0	0	0	0	0	0	0	0	0	0	0	0	0	0	0	0	0	0	
12/28/2014 4:58:04 PM	0	0	8	15.29	15.42	0	346	2300	4.087	4.091	0	0	False	-0.2533333	-0.2516667	-0.2433333	0.25	0	0.1563	32.671	32.683	-1	0.046	4.087	4.087	4.087	4.087	4.087	4.087	4.087	4.087	0	0	0	0	0	0	0	0	0	0	0	0	0	0	0	0	0	0	0	0	0	0	0	0	0	0	0	0	0	0	0	0	0	0	0	0	0	0	0	0	0	0	0	
12/28/2014 4:58:14 PM	0	0	8	15.29	15.42	0	352	2310	4.087	4.091	0	0	False	-0.2516667	-0.25	-0.2483333	0.25	0	0.157	32.671	32.682	-1	0.046	4.087	4.087	4.087	4.087	4.087	4.087	4.087	4.087	0	0	0	0	0	0	0	0	0	0	0	0	0	0	0	0	0	0	0	0	0	0	0	0	0	0	0	0	0	0	0	0	0	0	0	0	0	0	0	0	0	0	0	
12/28/2014 4:58:24 PM	0	0	8	15.29	15.42	0	350	2320	4.087	4.0908	0	0	False	-0.25	-0.25	-0.2516667	0.25	0	0.1577	32.66	32.678	-1	0.046	4.087	4.087	4.087	4.087	4.087	4.087	4.087	4.087	0	0	0	0	0	0	0	0	0	0	0	0	0	0	0	0	0	0	0	0	0	0	0	0	0	0	0	0	0	0	0	0	0	0	0	0	0	0	0	0	0	0	0	
12/28/2014 4:58:34 PM	0	0	8	15.29	15.42	0	348	2330	4.086	4.0907	0	0	False	-0.25	-0.25	-0.2616667	0.25	0	0.1585	32.671	32.671	-1	0.046	4.086	4.086	4.086	4.086	4.086	4.086	4.086	4.086	0	0	0	0	0	0	0	0	0	0	0	0	0	0	0	0	0	0	0	0	0	0	0	0	0	0	0	0	0	0	0	0	0	0	0	0	0	0	0	0	0	0	0	
12/28/2014 4:58:45 PM	0	0	8	15.29	15.42	0	352	2341	4.086	4.0899	0	0	False	-0.2516667	-0.25	-0.2533333	0.25	0	0.1592	32.671	32.671	-1	0.057	4.086	4.086	4.086	4.086	4.086	4.086	4.086	4.086	0	0	0	0	0	0	0	0	0	0	0	0	0	0	0	0	0	0	0	0	0	0	0	0	0	0	0	0	0	0	0	0	0	0	0	0	0	0	0	0	0	0	0	
12/28/2014 4:58:55 PM	0	0	8	15.29	15.42	0	346	2351	4.086	4.0897	0	0	False	-0.2533333	-0.2533333	-0.2533333	0.25	0	0.1599	32.66	32.671	-1	0.046	4.086	4.086	4.086	4.086	4.086	4.086	4.086	4.086	0	0	0	0	0	0	0	0	0	0	0	0	0	0	0	0	0	0	0	0	0	0	0	0	0	0	0	0	0	0	0	0	0	0	0	0	0	0	0	0	0	0	0	
12/28/2014 4:59:05 PM	0	0	8	15.29	15.42	0	344	2361	4.086	4.0897	0	0	False	-0.255	-0.255	-0.2433333	0.25	0	0.1606	32.66	32.671	-1	0.046	4.086	4.086	4.086	4.086	4.086	4.086	4.086	4.086	0	0	0	0	0	0	0	0	0	0	0	0	0	0	0	0	0	0	0	0	0	0	0	0	0	0	0	0	0	0	0	0	0	0	0	0	0	0	0	0	0	0	0	
12/28/2014 4:59:15 PM	0	0	8	15.29	15.42	0	348	2369	4.086	4.0897	0	0	False	-0.25	-0.2483333	-0.2483333	0.25	0	0.1612	32.66	32.671	-1	0.046	4.086	4.086	4.086	4.086	4.086	4.086	4.086	4.086	0	0	0	0	0	0	0	0	0	0	0	0	0	0	0	0	0	0	0	0	0	0	0	0	0	0	0	0	0	0	0	0	0	0	0	0	0	0	0	0	0	0	0	
12/28/2014 4:59:25 PM	0	0	8	15.29	15.42	0	346	2381	4.085	4.0896	0	0	False	-0.25	-0.25	-0.2483333	0.25	0	0.162	32.66	32.671	-1	0.046	4.085	4.085	4.085	4.085	4.085	4.085	4.085	4.085	0	0	0	0	0	0	0	0	0	0	0	0	0	0	0	0	0	0	0	0	0	0	0	0	0	0	0	0	0	0	0	0	0	0	0	0	0	0	0	0	0	0	0	
12/28/2014 4:59:35 PM	0	0	8	15.29	15.42	0	352	2391	4.085	4.0892	0	0	False	-0.2516667	-0.2483333	-0.2483333	0.25	0	0.1627	32.648	32.663	-1	0.057	4.085	4.085	4.085	4.085	4.085	4.085	4.085	4.085	0	0	0	0	0	0	0	0	0	0	0	0	0	0	0	0	0	0	0	0	0	0	0	0	0	0	0	0	0	0	0	0	0	0	0	0	0	0	0	0	0	0	0	
12/28/2014 4:59:45 PM	0	0	8	15.29	15.42	0	346	2401	4.085	4.0885	0	0	False	-0.25	-0.2516667	-0.2533333	0.25	0	0.1634	32.66	32.66	-1	0.034	4.085	4.085	4.085	4.085	4.085	4.085	4.085	4.085	0	0	0	0	0	0	0	0	0	0	0	0	0	0	0	0	0	0	0	0	0	0	0	0	0	0	0	0	0	0	0	0	0	0	0	0	0	0	0	0	0	0	0	
12/28/2014 4:59:56 PM	0	0	8	15.29	15.42	0	344	2411	4.085	4.0885	0	0	False	-0.25	-0.25	-0.2483333	0.25	0	0.1641	32.66	32.66	-1	0.034	4.085	4.085	4.085	4.085	4.085	4.085	4.085	4.085	0	0	0	0	0	0	0	0	0	0	0	0	0	0	0	0	0	0	0	0	0	0	0	0	0	0	0	0	0	0	0	0	0	0	0	0	0	0	0	0	0	0	0	
12/28/2014 5:00:06 PM	0	0	8	15.29	15.42	0	354	2417	4.084	4.0885	0	0	False	-0.2483333	-0.2483333	-0.2616667	0.25	0	0.1645	32.648	32.66	-1	0.046	4.084	4.084	4.084	4.084	4.084	4.084	4.084	4.084	0	0	0	0	0	0	0	0	0	0	0	0	0	0	0	0	0	0	0	0	0	0	0	0	0	0	0	0	0	0	0	0	0	0	0	0	0	0	0	0	0	0	0	
12/28/2014 5:00:16 PM	0	0	8	15.29	15.42	0	346	2431	4.084	4.0885	0	0	False	-0.2483333	-0.2533333	-0.2483333	0.25	0	0.1655	32.648	32.66	-1	0.046	4.084	4.084	4.084	4.084	4.084	4.084	4.084	4.084	0	0	0	0	0	0	0	0	0	0	0	0	0	0	0	0	0	0	0	0	0	0	0	0	0	0	0	0	0	0	0	0	0	0	0	0	0	0	0	0	0	0	0	
12/28/2014 5:00:26 PM	0	0	8	15.29	15.42	0	344	2441	4.084	4.0884	0	0	False	-0.2533333	-0.2533333	-0.2616667	0.25	0	0.1663	32.648	32.66	-1	0.046	4.084	4.084	4.084	4.084	4.084	4.084	4.084	4.084	0	0	0	0	0	0	0	0	0	0	0	0	0	0	0	0	0	0	0	0	0	0	0	0	0	0	0	0	0	0	0	0	0	0	0	0	0	0	0	0	0	0	0	
12/28/2014 5:00:36 PM	0	0	8	15.29	15.42	0	342	2452	4.084	4.0879	0	0	False	-0.2533333	-0.2533333	-0.235	0.25	0	0.1669	32.648	32.66	-1	0.046	4.084	4.084	4.084	4.084	4.084	4.084	4.084	4.084	0	0	0	0	0	0	0	0	0	0	0	0	0	0	0	0	0	0	0	0	0	0	0	0	0	0	0	0	0	0	0	0	0	0	0	0	0	0	0	0	0	0	0	
12/28/2014 5:00:46 PM	0	0	8	15.29	15.42	0	348	2462	4.084	4.0872	0	0	False	-0.2483333	-0.2483333	-0.2516667	0.25	0	0.1676	32.648	32.658	-1	0.046	4.084	4.084	4.084	4.084	4.084	4.084	4.084	4.084	0	0	0	0	0	0	0	0	0	0	0	0	0	0	0	0	0	0	0	0	0	0	0	0	0	0	0	0	0	0	0	0	0	0	0	0	0	0	0	0	0	0	0	
12/28/2014 5:00:56 PM	0	0	8	15.29	15.42	0	344	2472	4.083	4.0872	0	0	False	-0.2516667	-0.2516667	-0.2516667	0.25	0	0.1683	32.648	32.652	-1	0.046	4.083	4.083	4.083	4.083	4.083	4.083	4.083	4.083	0	0	0	0	0	0	0	0	0	0	0	0	0	0	0	0	0	0	0	0	0	0	0	0	0	0	0	0	0	0	0	0	0	0	0	0	0	0	0	0	0	0	0	
12/28/2014 5:01:07 PM	0	0	8	15.29	15.42	0	346	2482	4.083	4.0872	0	0	False	-0.2483333	-0.25	-0.2483333	0.25	0	0.169	32.637	32.648	-1	0.057	4.083	4.083	4.083	4.083	4.083	4.083	4.083	4.083	0	0	0	0	0	0	0	0	0	0	0	0	0	0	0	0	0	0	0	0	0	0	0	0	0	0	0	0	0	0	0	0	0	0	0	0	0	0	0	0	0	0	0	
12/28/2014 5:01:17 PM	0	0	8	15.29	15.42	0	344	2492	4.083	4.0872	0	0	False	-0.25	-0.2516667	-0.2516667	0.25	0	0.1697	32.637	32.648	-1	0.034	4.083	4.083	4.083	4.083	4.083	4.083	4.083	4.083	0	0	0	0	0	0	0	0	0	0	0	0	0	0	0	0	0	0	0	0	0	0	0	0	0	0	0	0	0	0	0	0	0	0	0	0	0	0	0	0	0	0	0	
12/28/2014 5:01:27 PM	0	0	8	15.29	15.42	0	346	2502	4.083	4.0872	0	0	False	-0.25	-0.2516667	-0.2483333	0.25	0	0.1704	32.637	32.648	-1	0.034	4.083	4.083	4.083	4.083	4.083	4.083	4.083	4.083	0	0	0	0	0	0	0	0	0	0	0	0	0	0	0	0	0	0	0	0	0	0	0	0	0	0	0	0	0	0	0	0	0	0	0	0	0	0	0	0	0	0	0	
12/28/2014 5:01:37 PM	0	0	8	15.29	15.42	0	348	2512	4.083	4.087	0	0	False	-0.2483333	-0.25	-0.2483333	0.25	0	0.1711	32.637	32.648	-1	0.046	4.083	4.083	4.083	4.083	4.083	4.083	4.083	4.083	0	0	0	0	0	0	0	0	0	0	0	0	0	0	0	0	0	0	0	0	0	0	0	0	0	0	0	0	0	0	0	0	0	0	0	0	0	0	0	0	0	0	0	
12/28/2014 5:01:47 PM	0	0	8	15.29	15.42	0	344	2522	4.082	4.0865	0	0	False	-0.2516667	-0.25	-0.2483333	0.25	0	0.1718	32.625	32.647	-1	0.057	4.082	4.082	4.082	4.082	4.082	4.082	4.082	4.082	0	0	0	0	0	0	0	0	0	0	0	0	0	0	0	0	0	0	0	0	0	0	0	0	0	0	0	0	0	0	0	0	0	0	0	0	0	0	0	0	0	0	0	
12/28/2014 5:01:57 PM	0	0	8	15.29	15.42	0	346	2532	4.082	4.0861	0	0	False	-0.25	-0.25	-0.2483333	0.25	0	0.1725	32.637	32.647	-1	0.046	4.082	4.082	4.082	4.082	4.082	4.082	4.082	4.082	0	0	0	0	0	0	0	0	0	0	0	0	0	0	0	0	0	0	0	0	0	0	0	0	0	0	0	0	0	0	0	0	0	0	0	0	0	0	0	0	0	0	0	
12/28/2014 5:02:07 PM	0	0	8	15.29	15.42	0	344	2542	4.082	4.086	0	0	False	-0.2516667	-0.2483333	-0.2433333	0.25	0	0.1732	32.637	32.646	-1	0.046	4.082	4.082	4.082	4.082	4.082	4.082	4.082	4.082	0	0	0	0	0	0	0	0	0	0	0	0	0	0	0	0	0	0	0	0	0	0	0	0	0	0	0	0	0	0	0	0	0	0	0	0	0	0	0	0	0	0	0	
12/28/2014 5:02:18 PM	0	0	8	15.29	15.42	0	346	2552	4.082	4.086	0	0	False	-0.25	-0.2466667	-0.2433333	0.25	0	0.1739	32.625	32.638	-1	0.046	4.082	4.082	4.082	4.082	4.082	4.082	4.082	4.082	0	0	0	0	0	0	0	0	0	0	0	0	0	0	0	0	0	0	0	0	0	0	0	0	0	0	0	0	0	0	0	0	0	0	0	0	0	0	0	0	0	0	0	
12/28/2014 5:02:28 PM	0	0	8	15.29	15.42	0	346	2563	4.082	4.0858	0	0	False	-0.2516667	-0.2516667	-0.2433333	0.25	0	0.1746	32.625	32.637	-1	0.046	4.082	4.082	4.082	4.082	4.082	4.082	4.082	4.082	0	0	0	0	0	0	0	0	0	0	0	0	0	0	0	0	0	0	0	0	0	0	0	0	0	0	0	0	0	0	0	0	0	0	0	0	0	0	0	0	0	0	0	
12/28/2014 5:02:38 PM	0	0	8	15.29	15.42	0	340	2573	4.082	4.0857	0	0	False	-0.2516667	-0.2533333	-0.2483333	0.25	0	0.1753	32.637	32.637	-1	0.046	4.082	4.082	4.082	4.082	4.082	4.082	4.082	4.082	0	0	0	0	0	0	0	0	0	0	0	0	0	0	0	0	0	0	0	0	0	0	0	0	0	0	0	0	0	0	0	0	0	0	0	0	0	0	0	0	0	0	0	
12/28/2014 5:02:48 PM	0	0	8	15.29	15.42	0	350	2583	4.081	4.0852	0	0	False	-0.25	-0.2516667	-0.2616667	0.25	0	0.176	32.625	32.637	-1	0.034	4.081	4.081	4.081	4.081	4.081	4.081	4.081	4.081	0	0	0	0	0	0	0	0	0	0	0	0	0	0	0	0	0	0	0	0	0	0	0	0	0	0	0	0	0	0	0	0	0	0	0	0	0	0	0	0	0	0	0	
12/28/2014 5:02:58 PM	0	0	8	15.29	15.42	0	348	2593	4.081	4.0847	0	0	False	-0.25	-0.2516667	-0.2433333	0.25	0	0.1767	32.625	32.636	-1	0.046	4.081	4.081	4.081	4.081	4.081	4.081	4.081	4.081	0	0	0	0	0	0	0	0	0	0	0	0	0	0	0	0	0	0	0	0	0	0	0	0	0	0	0	0	0	0	0	0	0	0	0	0	0	0	0	0	0	0	0	
12/28/2014 5:03:08 PM	0	0	8	15.29	15.42	0	350	2603	4.081	4.0847	0	0	False	-0.2483333	-0.2483333	-0.2533333	0.25	0	0.1774	32.625	32.636	-1	0.046	4.081	4.081	4.081	4.081	4.081	4.081	4.081	4.081	0	0	0	0	0	0	0	0	0	0	0	0	0	0	0	0	0	0	0	0	0	0	0	0	0	0	0	0	0	0	0	0	0	0	0	0	0	0	0	0	0	0	0	
12/28/2014 5:03:18 PM	0	0	8	15.29	15.42	0	350	2613	4.081	4.0847	0	0	False	-0.2483333	-0.25	-0.2533333	0.25	0	0.1781	32.625	32.634	-1	0.046	4.081	4.081	4.081	4.081	4.081	4.081	4.081	4.081	0	0	0	0	0	0	0	0	0	0	0	0	0	0	0	0	0	0	0	0	0	0	0	0	0	0	0	0	0	0	0	0	0	0	0	0	0	0	0	0	0	0	0	
12/28/2014 5:03:29 PM	0	0	8	15.29	15.42	0	348	2623	4.081	4.0847	0	0	False	-0.25	-0.2483333	-0.2433333	0.25	0	0.1788	32.625	32.633	-1	0.046	4.081	4.081	4.081	4.081	4.081	4.081	4.081	4.081	0	0	0	0	0	0	0	0	0	0	0	0	0	0	0	0	0	0	0	0	0	0	0	0	0	0	0	0	0	0	0	0	0	0	0	0	0	0	0	0	0	0	0	
12/28/2014 5:03:39 PM	0	0	8	15.29	15.42	0	346	2633	4.08	4.0847	0	0	False	-0.2483333	-0.25	-0.2483333	0.25	0	0.1795	32.614	32.625	-1	0.034	4.08	4.08	4.08	4.08	4.08	4.08	4.08	4.08	0	0	0	0	0	0	0	0	0	0	0	0	0	0	0	0	0	0	0	0	0	0	0	0	0	0	0	0	0	0	0	0	0	0	0	0	0	0	0	0	0	0	0	
12/28/2014 5:03:49 PM	0	0	8	15.29	15.42	0	344	2643	4.08	4.0846	0	0	False	-0.25	-0.2533333	-0.235	0.25	0	0.1802	32.625	32.625	-1	0.046	4.08	4.08	4.08	4.08	4.08	4.08	4.08	4.08	0	0	0	0	0	0	0	0	0	0	0	0	0	0	0	0	0	0	0	0	0	0	0	0	0	0	0	0	0	0	0	0	0	0	0	0	0	0	0	0	0	0	0	
12/28/2014 5:03:59 PM	0	0	8	15.29	15.42	0	344	2653	4.08	4.0844	0	0	False	-0.2466667	-0.2483333	-0.2433333	0.25	0	0.1809	32.614	32.625	-1	0.046	4.08	4.08	4.08	4.08	4.08	4.08	4.08	4.08	0	0	0	0	0	0	0	0	0	0	0	0	0	0	0	0	0	0	0	0	0	0	0	0	0	0	0	0	0	0	0	0	0	0	0	0	0	0	0	0	0	0	0	
12/28/2014 5:04:09 PM	0	0	8	15.29	15.42	0	350	2663	4.08	4.084	0	0	False	-0.2516667	-0.2466667	-0.2533333	0.25	0	0.1816	32.614	32.625	-1	0.046	4.08	4.08	4.08	4.08	4.08	4.08	4.08	4.08	0	0	0	0	0	0	0	0	0	0	0	0	0	0	0	0	0	0	0	0	0	0	0	0	0	0	0	0	0	0	0	0	0	0	0	0	0	0	0	0	0	0	0	
12/28/2014 5:04:19 PM	0	0	8	15.29	15.42	0	348	2674	4.08	4.0835	0	0	False	-0.2483333	-0.2483333	-0.2483333	0.25	0	0.1824	32.614	32.625	-1	0.046	4.08	4.08	4.08	4.08	4.08	4.08	4.08	4.08	0	0	0	0	0	0	0	0	0	0	0	0	0	0	0	0	0	0	0	0	0	0	0	0	0	0	0	0	0	0	0	0	0	0	0	0	0	0	0	0	0	0	0	
12/28/2014 5:04:30 PM	0	0	8	15.29	15.42	0	346	2684	4.08	4.0835	0	0	False	-0.25	-0.25	-0.2616667	0.25	0	0.1831	32.614	32.625	-1	0.046	4.08	4.08	4.08	4.08	4.08	4.08	4.08	4.08	0	0	0	0	0	0	0	0	0	0	0	0	0	0	0	0	0	0	0	0	0	0	0	0	0	0	0	0	0	0	0	0	0	0	0	0	0	0	0	0	0	0	0	
12/28/2014 5:04:40 PM	0	0	8	15.29	15.42	0	344	2694	4.08	4.0835	0	0	False	-0.2516667	-0.2516667	-0.2433333	0.25	0	0.1838	32.614	32.624	-1	0.046	4.08	4.08	4.08	4.08	4.08	4.08	4.08	4.08	0	0	0	0	0	0	0	0	0	0	0	0	0	0	0	0	0	0	0	0	0	0	0	0	0	0	0	0	0	0	0	0	0	0	0	0	0	0	0	0	0	0	0	
12/28/2014 5:04:50 PM	0	0	8	15.29	15.42	0	348	2704	4.079	4.0834	0	0	False	-0.2483333	-0.25	-0.2616667	0.25	0	0.1845	32.614	32.622	-1	0.046	4.079	4.079	4.079	4.079	4.079	4.079	4.079	4.079	0	0	0	0	0	0	0	0	0	0	0	0	0	0	0	0	0	0	0	0	0	0	0	0	0	0	0	0	0	0	0	0	0	0	0	0	0	0	0	0	0	0	0	
12/28/2014 5:05:00 PM	0	0	8	15.29	15.42	0	352	2712	4.079	4.0834	0	0	False	-0.25	-0.2483333	-0.2666667	0.25	0	0.185	32.614	32.618	-1	0.046	4.079	4.079	4.079	4.079	4.079	4.079	4.079	4.079	0	0	0	0	0	0	0	0	0	0	0	0	0	0	0	0	0	0	0	0	0	0	0	0	0	0	0	0	0	0	0	0	0	0	0	0	0	0	0	0	0	0	0	
12/28/2014 5:05:10 PM	0	0	8	15.29	15.42	0	344	2724	4.079	4.0833	0	0	False	-0.2516667	-0.2516667	-0.2483333	0.25	0	0.1859	32.603	32.614	-1	0.057	4.079	4.079	4.079	4.079	4.079	4.079	4.079	4.079	0	0	0	0	0	0	0	0	0	0	0	0	0	0	0	0	0	0	0	0	0	0	0	0	0	0	0	0	0	0	0	0	0	0	0	0	0	0	0	0	0	0	0	
12/28/2014 5:05:20 PM	0	0	8	15.29	15.42	0	342	2734	4.079	4.0833	0	0	False	-0.2516667	-0.2516667	-0.235	0.25	0	0.1865	32.614	32.614	-1	0.057	4.079	4.079	4.079	4.079	4.079	4.079	4.079	4.079	0	0	0	0	0	0	0	0	0	0	0	0	0	0	0	0	0	0	0	0	0	0	0	0	0	0	0	0	0	0	0	0	0	0	0	0	0	0	0	0	0	0	0	
12/28/2014 5:05:30 PM	0	0	8	15.29	15.42	0	342	2744	4.079	4.0826	0	0	False	-0.25	-0.2516667	-0.2433333	0.25	0	0.1872	32.603	32.614	-1	0.057	4.079	4.079	4.079	4.079	4.079	4.079	4.079	4.079	0	0	0	0	0	0	0	0	0	0	0	0	0	0	0	0	0	0	0	0	0	0	0	0	0	0	0	0	0	0	0	0	0	0	0	0	0	0	0	0	0	0	0	
12/28/2014 5:05:41 PM	0	0	8	15.29	15.42	0	344	2754	4.079	4.0822	0	0	False	-0.2516667	-0.2516667	-0.2483333	0.25	0	0.1879	32.603	32.614	-1	0.046	4.079	4.079	4.079	4.079	4.079	4.079	4.079	4.079	0	0	0	0	0	0	0	0	0	0	0	0	0	0	0	0	0	0	0	0	0	0	0	0	0	0	0	0	0	0	0	0	0	0	0	0	0	0	0	0	0	0	0	
12/28/2014 5:05:51 PM	0	0	8	15.29	15.42	0	342	2764	4.079	4.0822	0	0	False	-0.2516667	-0.2516667	-0.2483333	0.25	0	0.1886	32.603	32.614	-1	0.046	4.079	4.079	4.079	4.079	4.079	4.079	4.079	4.079	0	0	0	0	0	0	0	0	0	0	0	0	0	0	0	0	0	0	0	0	0	0	0	0	0	0	0	0	0	0	0	0	0	0	0	0	0	0	0	0	0	0	0	
12/28/2014 5:06:01 PM	0	0	8	15.29	15.42	0	348	2774	4.079	4.0822	0	0	False	-0.25	-0.25	-0.2616667	0.25	0	0.1893	32.603	32.614	-1	0.046	4.079	4.079	4.079	4.079	4.079	4.079	4.079	4.079	0	0	0	0	0	0	0	0	0	0	0	0	0	0	0	0	0	0	0	0	0	0	0	0	0	0	0	0	0	0	0	0	0	0	0	0	0	0	0	0	0	0	0	
12/28/2014 5:06:11 PM	0	0	8	15.29	15.42	0	346	2784	4.078	4.0822	0	0	False	-0.2516667	-0.2516667	-0.2516667	0.25	0	0.19	32.603	32.614	-1	0.046	4.078	4.078	4.078	4.078	4.078	4.078	4.078	4.078	0	0	0	0	0	0	0	0	0	0	0	0	0	0	0	0	0	0	0	0	0	0	0	0	0	0	0	0	0	0	0	0	0	0	0	0	0	0	0	0	0	0	0	
12/28/2014 5:06:21 PM	0	0	8	15.29	15.42	0	346	2795	4.078	4.0822	0	0	False	-0.2483333	-0.25	-0.2616667	0.25	0	0.1908	32.591	32.613	-1	0.046	4.078	4.078	4.078	4.078	4.078	4.078	4.078	4.078	0	0	0	0	0	0	0	0	0	0	0	0	0	0	0	0	0	0	0	0	0	0	0	0	0	0	0	0	0	0	0	0	0	0	0	0	0	0	0	0	0	0	0	
12/28/2014 5:06:31 PM	0	0	8	15.29	15.42	0	338	2804	4.078	4.0822	0	0	False	-0.2516667	-0.2533333	-0.235	0.25	0	0.1914	32.603	32.613	-1	0.046	4.078	4.078	4.078	4.078	4.078	4.078	4.078	4.078	0	0	0	0	0	0	0	0	0	0	0	0	0	0	0	0	0	0	0	0	0	0	0	0	0	0	0	0	0	0	0	0	0	0	0	0	0	0	0	0	0	0	0	
12/28/2014 5:06:41 PM	0	0	8	15.29	15.42	0	350	2815	4.078	4.0822	0	0	False	-0.2466667	-0.245	-0.2483333	0.25	0	0.1922	32.603	32.61	-1	0.046	4.078	4.078	4.078	4.078	4.078	4.078	4.078	4.078	0	0	0	0	0	0	0	0	0	0	0	0	0	0	0	0	0	0	0	0	0	0	0	0	0	0	0	0	0	0	0	0	0	0	0	0	0	0	0	0	0	0	0	
12/28/2014 5:06:52 PM	0	0	8	15.29	15.42	0	348	2825	4.078	4.0819	0	0	False	-0.2483333	-0.25	-0.2483333	0.25	0	0.1929	32.591	32.603	-1	0.057	4.078	4.078	4.078	4.078	4.078	4.078	4.078	4.078	0	0	0	0	0	0	0	0	0	0	0	0	0	0	0	0	0	0	0	0	0	0	0	0	0	0	0	0	0	0	0	0	0	0	0	0	0	0	0	0	0	0	0	
12/28/2014 5:07:02 PM	0	0	8	15.29	15.42	0	346	2835	4.078	4.0815	0	0	False	-0.2516667	-0.2533333	-0.2533333	0.25	0	0.1936	32.591	32.603	-1	0.057	4.078	4.078	4.078	4.078	4.078	4.078	4.078	4.078	0	0	0	0	0	0	0	0	0	0	0	0	0	0	0	0	0	0	0	0	0	0	0	0	0	0	0	0	0	0	0	0	0	0	0	0	0	0	0	0	0	0	0	
12/28/2014 5:07:12 PM	0	0	8	15.29	15.42	0	346	2845	4.077	4.081	0	0	False	-0.2483333	-0.2516667	-0.2666667	0.25	0	0.1943	32.591	32.603	-1	0.057	4.077	4.077	4.077	4.077	4.077	4.077	4.077	4.077	0	0	0	0	0	0	0	0	0	0	0	0	0	0	0	0	0	0	0	0	0	0	0	0	0	0	0	0	0	0	0	0	0	0	0	0	0	0	0	0	0	0	0	
12/28/2014 5:07:22 PM	0	0	8	15.29	15.42	0	344	2855	4.077	4.081	0	0	False	-0.25	-0.25	-0.235	0.25	0	0.195	32.591	32.603	-1	0.046	4.077	4.077	4.077	4.077	4.077	4.077	4.077	4.077	0	0	0	0	0	0	0	0	0	0	0	0	0	0	0	0	0	0	0	0	0	0	0	0	0	0	0	0	0	0	0	0	0	0	0	0	0	0	0	0	0	0	0	
12/28/2014 5:07:32 PM	0	0	8	15.29	15.42	0	346	2865	4.077	4.081	0	0	False	-0.2516667	-0.2533333	-0.2483333	0.25	0	0.1957	32.591	32.603	-1	0.046	4.077	4.077	4.077	4.077	4.077	4.077	4.077	4.077	0	0	0	0	0	0	0	0	0	0	0	0	0	0	0	0	0	0	0	0	0	0	0	0	0	0	0	0	0	0	0	0	0	0	0	0	0	0	0	0	0	0	0	
12/28/2014 5:07:42 PM	0	0	8	15.29	15.42	0	348	2875	4.077	4.081	0	0	False	-0.25	-0.2533333	-0.2483333	0.25	0	0.1964	32.591	32.602	-1	0.046	4.077	4.077	4.077	4.077	4.077	4.077	4.077	4.077	0	0	0	0	0	0	0	0	0	0	0	0	0	0	0	0	0	0	0	0	0	0	0	0	0	0	0	0	0	0	0	0	0	0	0	0	0	0	0	0	0	0	0	
12/28/2014 5:07:52 PM	0	0	8	15.29	15.42	0	344	2885	4.077	4.0809	0	0	False	-0.2516667	-0.25	-0.2433333	0.25	0	0.1971	32.591	32.6	-1	0.046	4.077	4.077	4.077	4.077	4.077	4.077	4.077	4.077	0	0	0	0	0	0	0	0	0	0	0	0	0	0	0	0	0	0	0	0	0	0	0	0	0	0	0	0	0	0	0	0	0	0	0	0	0	0	0	0	0	0	0	
12/28/2014 5:08:03 PM	0	0	8	15.29	15.42	0	342	2895	4.077	4.0808	0	0	False	-0.2516667	-0.2516667	-0.235	0.25	0	0.1978	32.591	32.597	-1	0.046	4.077	4.077	4.077	4.077	4.077	4.077	4.077	4.077	0	0	0	0	0	0	0	0	0	0	0	0	0	0	0	0	0	0	0	0	0	0	0	0	0	0	0	0	0	0	0	0	0	0	0	0	0	0	0	0	0	0	0	
12/28/2014 5:08:13 PM	0	0	8	15.29	15.42	0	348	2906	4.076	4.0806	0	0	False	-0.2483333	-0.2483333	-0.2483333	0.25	0	0.1986	32.591	32.595	-1	0.046	4.076	4.076	4.076	4.076	4.076	4.076	4.076	4.076	0	0	0	0	0	0	0	0	0	0	0	0	0	0	0	0	0	0	0	0	0	0	0	0	0	0	0	0	0	0	0	0	0	0	0	0	0	0	0	0	0	0	0	
12/28/2014 5:08:23 PM	0	0	8	15.29	15.42	0	350	2916	4.076	4.0799	0	0	False	-0.25	-0.25	-0.2433333	0.25	0	0.1992	32.591	32.591	-1	0.046	4.076	4.076	4.076	4.076	4.076	4.076	4.076	4.076	0	0	0	0	0	0	0	0	0	0	0	0	0	0	0	0	0	0	0	0	0	0	0	0	0	0	0	0	0	0	0	0	0	0	0	0	0	0	0	0	0	0	0	
12/28/2014 5:08:33 PM	0	0	8	15.29	15.42	0	348	2926	4.076	4.0797	0	0	False	-0.25	-0.2483333	-0.2516667	0.25	0	0.1999	32.591	32.591	-1	0.046	4.076	4.076	4.076	4.076	4.076	4.076	4.076	4.076	0	0	0	0	0	0	0	0	0	0	0	0	0	0	0	0	0	0	0	0	0	0	0	0	0	0	0	0	0	0	0	0	0	0	0	0	0	0	0	0	0	0	0	
12/28/2014 5:08:43 PM	0	0	8	15.29	15.42	0	344	2936	4.076	4.0797	0	0	False	-0.2483333	-0.25	-0.2433333	0.25	0	0.2006	32.58	32.591	-1	0.057	4.076	4.076	4.076	4.076	4.076	4.076	4.076	4.076	0	0	0	0	0	0	0	0	0	0	0	0	0	0	0	0	0	0	0	0	0	0	0	0	0	0	0	0	0	0	0	0	0	0	0	0	0	0	0	0	0	0	0	
12/28/2014 5:08:53 PM	0	0	8	15.29	15.42	0	350	2946	4.076	4.0797	0	0	False	-0.25	-0.2483333	-0.2516667	0.25	0	0.2013	32.58	32.591	-1	0.057	4.076	4.076	4.076	4.076	4.076	4.076	4.076	4.076	0	0	0	0	0	0	0	0	0	0	0	0	0	0	0	0	0	0	0	0	0	0	0	0	0	0	0	0	0	0	0	0	0	0	0	0	0	0	0	0	0	0	0	
12/28/2014 5:09:03 PM	0	0	8	15.29	15.42	0	348	2956	4.076	4.0797	0	0	False	-0.2483333	-0.2483333	-0.2483333	0.25	0	0.202	32.58	32.591	-1	0.046	4.076	4.076	4.076	4.076	4.076	4.076	4.076	4.076	0	0	0	0	0	0	0	0	0	0	0	0	0	0	0	0	0	0	0	0	0	0	0	0	0	0	0	0	0	0	0	0	0	0	0	0	0	0	0	0	0	0	0	
12/28/2014 5:09:14 PM	0	0	8	15.29	15.42	0	346	2966	4.076	4.0797	0	0	False	-0.25	-0.2516667	-0.2483333	0.25	0	0.2027	32.58	32.591	-1	0.046	4.076	4.076	4.076	4.076	4.076	4.076	4.076	4.076	0	0	0	0	0	0	0	0	0	0	0	0	0	0	0	0	0	0	0	0	0	0	0	0	0	0	0	0	0	0	0	0	0	0	0	0	0	0	0	0	0	0	0	
12/28/2014 5:09:24 PM	0	0	8	15.29	15.42	0	350	2976	4.076	4.0797	0	0	False	-0.2483333	-0.25	-0.2483333	0.25	0	0.2034	32.58	32.591	-1	0.046	4.076	4.076	4.076	4.076	4.076	4.076	4.076	4.076	0	0	0	0	0	0	0	0	0	0	0	0	0	0	0	0	0	0	0	0	0	0	0	0	0	0	0	0	0	0	0	0	0	0	0	0	0	0	0	0	0	0	0	
12/28/2014 5:09:34 PM	0	0	8	15.29	15.42	0	344	2986	4.075	4.0797	0	0	False	-0.2516667	-0.2516667	-0.2483333	0.25	0	0.2041	32.58	32.591	-1	0.046	4.075	4.075	4.075	4.075	4.075	4.075	4.075	4.075	0	0	0	0	0	0	0	0	0	0	0	0	0	0	0	0	0	0	0	0	0	0	0	0	0	0	0	0	0	0	0	0	0	0	0	0	0	0	0	0	0	0	0	
12/28/2014 5:09:44 PM	0	0	8	15.29	15.42	0	354	2996	4.075	4.0797	0	0	False	-0.2483333	-0.2483333	-0.2516667	0.25	0	0.2048	32.58	32.589	-1	0.057	4.075	4.075	4.075	4.075	4.075	4.075	4.075	4.075	0	0	0	0	0	0	0	0	0	0	0	0	0	0	0	0	0	0	0	0	0	0	0	0	0	0	0	0	0	0	0	0	0	0	0	0	0	0	0	0	0	0	0	
12/28/2014 5:09:54 PM	0	0	8	15.29	15.42	0	348	3006	4.075	4.0796	0	0	False	-0.25	-0.2533333	-0.2483333	0.25	0	0.2055	32.58	32.587	-1	0.046	4.075	4.075	4.075	4.075	4.075	4.075	4.075	4.075	0	0	0	0	0	0	0	0	0	0	0	0	0	0	0	0	0	0	0	0	0	0	0	0	0	0	0	0	0	0	0	0	0	0	0	0	0	0	0	0	0	0	0	
12/28/2014 5:10:04 PM	0	0	8	15.29	15.42	0	346	3016	4.075	4.079	0	0	False	-0.25	-0.25	-0.2516667	0.25	0	0.2063	32.58	32.584	-1	0.046	4.075	4.075	4.075	4.075	4.075	4.075	4.075	4.075	0	0	0	0	0	0	0	0	0	0	0	0	0	0	0	0	0	0	0	0	0	0	0	0	0	0	0	0	0	0	0	0	0	0	0	0	0	0	0	0	0	0	0	
12/28/2014 5:10:14 PM	0	0	8	15.29	15.42	0	346	3027	4.075	4.0785	0	0	False	-0.25	-0.2516667	-0.2533333	0.25	0	0.207	32.58	32.58	-1	0.057	4.075	4.075	4.075	4.075	4.075	4.075	4.075	4.075	0	0	0	0	0	0	0	0	0	0	0	0	0	0	0	0	0	0	0	0	0	0	0	0	0	0	0	0	0	0	0	0	0	0	0	0	0	0	0	0	0	0	0	
12/28/2014 5:10:25 PM	0	0	8	15.29	15.42	0	344	3037	4.075	4.0785	0	0	False	-0.2516667	-0.2483333	-0.2433333	0.25	0	0.2077	32.58	32.58	-1	0.057	4.075	4.075	4.075	4.075	4.075	4.075	4.075	4.075	0	0	0	0	0	0	0	0	0	0	0	0	0	0	0	0	0	0	0	0	0	0	0	0	0	0	0	0	0	0	0	0	0	0	0	0	0	0	0	0	0	0	0	
12/28/2014 5:10:35 PM	0	0	8	15.29	15.42	0	346	3047	4.075	4.0785	0	0	False	-0.25	-0.2483333	-0.2533333	0.25	0	0.2084	32.58	32.58	-1	0.046	4.075	4.075	4.075	4.075	4.075	4.075	4.075	4.075	0	0	0	0	0	0	0	0	0	0	0	0	0	0	0	0	0	0	0	0	0	0	0	0	0	0	0	0	0	0	0	0	0	0	0	0	0	0	0	0	0	0	0	
12/28/2014 5:10:45 PM	0	0	8	15.29	15.42	0	344	3057	4.075	4.0785	0	0	False	-0.25	-0.2516667	-0.2616667	0.25	0	0.2091	32.58	32.58	-1	0.046	4.075	4.075	4.075	4.075	4.075	4.075	4.075	4.075	0	0	0	0	0	0	0	0	0	0	0	0	0	0	0	0	0	0	0	0	0	0	0	0	0	0	0	0	0	0	0	0	0	0	0	0	0	0	0	0	0	0	0	
12/28/2014 5:10:55 PM	0	0	8	15.29	15.42	0	344	3067	4.075	4.0782	0	0	False	-0.25	-0.2516667	-0.2433333	0.25	0	0.2098	32.568	32.58	-1	0.046	4.075	4.075	4.075	4.075	4.075	4.075	4.075	4.075	0	0	0	0	0	0	0	0	0	0	0	0	0	0	0	0	0	0	0	0	0	0	0	0	0	0	0	0	0	0	0	0	0	0	0	0	0	0	0	0	0	0	0	
12/28/2014 5:11:05 PM	0	0	8	15.29	15.42	0	346	3077	4.074	4.0781	0	0	False	-0.2483333	-0.2533333	-0.2616667	0.25	0	0.2105	32.568	32.58	-1	0.046	4.074	4.074	4.074	4.074	4.074	4.074	4.074	4.074	0	0	0	0	0	0	0	0	0	0	0	0	0	0	0	0	0	0	0	0	0	0	0	0	0	0	0	0	0	0	0	0	0	0	0	0	0	0	0	0	0	0	0	
12/28/2014 5:11:15 PM	0	0	8	15.29	15.42	0	344	3087	4.074	4.0774	0	0	False	-0.2516667	-0.25	-0.2483333	0.25	0	0.2112	32.568	32.58	-1	0.046	4.074	4.074	4.074	4.074	4.074	4.074	4.074	4.074	0	0	0	0	0	0	0	0	0	0	0	0	0	0	0	0	0	0	0	0	0	0	0	0	0	0	0	0	0	0	0	0	0	0	0	0	0	0	0	0	0	0	0	
12/28/2014 5:11:25 PM	0	0	8	15.29	15.42	0	342	3097	4.074	4.0772	0	0	False	-0.2516667	-0.2516667	-0.2433333	0.25	0	0.2119	32.568	32.58	-1	0.046	4.074	4.074	4.074	4.074	4.074	4.074	4.074	4.074	0	0	0	0	0	0	0	0	0	0	0	0	0	0	0	0	0	0	0	0	0	0	0	0	0	0	0	0	0	0	0	0	0	0	0	0	0	0	0	0	0	0	0	
12/28/2014 5:11:36 PM	0	0	8	15.29	15.42	0	344	3107	4.074	4.0772	0	0	False	-0.2533333	-0.2533333	-0.2483333	0.25	0	0.2125	32.568	32.58	-1	0.046	4.074	4.074	4.074	4.074	4.074	4.074	4.074	4.074	0	0	0	0	0	0	0	0	0	0	0	0	0	0	0	0	0	0	0	0	0	0	0	0	0	0	0	0	0	0	0	0	0	0	0	0	0	0	0	0	0	0	0	
12/28/2014 5:11:46 PM	0	0	8	15.29	15.42	0	352	3117	4.074	4.0772	0	0	False	-0.25	-0.2483333	-0.2483333	0.25	0	0.2132	32.568	32.579	-1	0.046	4.074	4.074	4.074	4.074	4.074	4.074	4.074	4.074	0	0	0	0	0	0	0	0	0	0	0	0	0	0	0	0	0	0	0	0	0	0	0	0	0	0	0	0	0	0	0	0	0	0	0	0	0	0	0	0	0	0	0	
12/28/2014 5:11:56 PM	0	0	8	15.29	15.42	0	342	3127	4.074	4.0772	0	0	False	-0.2516667	-0.2533333	-0.2433333	0.25	0	0.2139	32.568	32.578	-1	0.046	4.074	4.074	4.074	4.074	4.074	4.074	4.074	4.074	0	0	0	0	0	0	0	0	0	0	0	0	0	0	0	0	0	0	0	0	0	0	0	0	0	0	0	0	0	0	0	0	0	0	0	0	0	0	0	0	0	0	0	
12/28/2014 5:12:06 PM	0	0	8	15.29	15.42	0	348	3138	4.074	4.0772	0	0	False	-0.2516667	-0.2516667	-0.2433333	0.25	0	0.2147	32.557	32.57	-1	0.057	4.074	4.074	4.074	4.074	4.074	4.074	4.074	4.074	0	0	0	0	0	0	0	0	0	0	0	0	0	0	0	0	0	0	0	0	0	0	0	0	0	0	0	0	0	0	0	0	0	0	0	0	0	0	0	0	0	0	0	
12/28/2014 5:12:16 PM	0	0	8	15.29	15.42	0	346	3148	4.074	4.0772	0	0	False	-0.25	-0.25	-0.2483333	0.25	0	0.2154	32.568	32.568	-1	0.057	4.074	4.074	4.074	4.074	4.074	4.074	4.074	4.074	0	0	0	0	0	0	0	0	0	0	0	0	0	0	0	0	0	0	0	0	0	0	0	0	0	0	0	0	0	0	0	0	0	0	0	0	0	0	0	0	0	0	0	
12/28/2014 5:12:26 PM	0	0	8	15.29	15.42	0	346	3158	4.073	4.0772	0	0	False	-0.25	-0.25	-0.2483333	0.25	0	0.2161	32.557	32.568	-1	0.057	4.073	4.073	4.073	4.073	4.073	4.073	4.073	4.073	0	0	0	0	0	0	0	0	0	0	0	0	0	0	0	0	0	0	0	0	0	0	0	0	0	0	0	0	0	0	0	0	0	0	0	0	0	0	0	0	0	0	0	
12/28/2014 5:12:36 PM	0	0	8	15.29	15.42	0	352	3168	4.073	4.0772	0	0	False	-0.2483333	-0.2466667	-0.2516667	0.25	0	0.2168	32.557	32.568	-1	0.046	4.073	4.073	4.073	4.073	4.073	4.073	4.073	4.073	0	0	0	0	0	0	0	0	0	0	0	0	0	0	0	0	0	0	0	0	0	0	0	0	0	0	0	0	0	0	0	0	0	0	0	0	0	0	0	0	0	0	0	
12/28/2014 5:12:47 PM	0	0	8	15.29	15.42	0	350	3178	4.073	4.0772	0	0	False	-0.25	-0.2483333	-0.2516667	0.25	0	0.2175	32.557	32.568	-1	0.046	4.073	4.073	4.073	4.073	4.073	4.073	4.073	4.073	0	0	0	0	0	0	0	0	0	0	0	0	0	0	0	0	0	0	0	0	0	0	0	0	0	0	0	0	0	0	0	0	0	0	0	0	0	0	0	0	0	0	0	
12/28/2014 5:12:57 PM	0	0	8	15.29	15.42	0	344	3188	4.073	4.0772	0	0	False	-0.25	-0.25	-0.2516667	0.25	0	0.2182	32.557	32.568	-1	0.057	4.073	4.073	4.073	4.073	4.073	4.073	4.073	4.073	0	0	0	0	0	0	0	0	0	0	0	0	0	0	0	0	0	0	0	0	0	0	0	0	0	0	0	0	0	0	0	0	0	0	0	0	0	0	0	0	0	0	0	
12/28/2014 5:13:07 PM	0	0	8	15.29	15.42	0	342	3198	4.073	4.0771	0	0	False	-0.25	-0.2516667	-0.2433333	0.25	0	0.2189	32.557	32.568	-1	0.046	4.073	4.073	4.073	4.073	4.073	4.073	4.073	4.073	0	0	0	0	0	0	0	0	0	0	0	0	0	0	0	0	0	0	0	0	0	0	0	0	0	0	0	0	0	0	0	0	0	0	0	0	0	0	0	0	0	0	0	
12/28/2014 5:13:17 PM	0	0	8	15.29	15.42	0	346	3208	4.073	4.0768	0	0	False	-0.2483333	-0.2516667	-0.2516667	0.25	0	0.2196	32.557	32.568	-1	0.057	4.073	4.073	4.073	4.073	4.073	4.073	4.073	4.073	0	0	0	0	0	0	0	0	0	0	0	0	0	0	0	0	0	0	0	0	0	0	0	0	0	0	0	0	0	0	0	0	0	0	0	0	0	0	0	0	0	0	0	
12/28/2014 5:13:27 PM	0	0	8	15.29	15.42	0	348	3218	4.073	4.0762	0	0	False	-0.2483333	-0.2483333	-0.2483333	0.25	0	0.2203	32.568	32.568	-1	0.046	4.073	4.073	4.073	4.073	4.073	4.073	4.073	4.073	0	0	0	0	0	0	0	0	0	0	0	0	0	0	0	0	0	0	0	0	0	0	0	0	0	0	0	0	0	0	0	0	0	0	0	0	0	0	0	0	0	0	0	
12/28/2014 5:13:37 PM	0	0	8	15.29	15.42	0	342	3228	4.073	4.076	0	0	False	-0.2516667	-0.25	-0.2433333	0.25	0	0.221	32.557	32.567	-1	0.046	4.073	4.073	4.073	4.073	4.073	4.073	4.073	4.073	0	0	0	0	0	0	0	0	0	0	0	0	0	0	0	0	0	0	0	0	0	0	0	0	0	0	0	0	0	0	0	0	0	0	0	0	0	0	0	0	0	0	0	
12/28/2014 5:13:47 PM	0	0	8	15.29	15.42	0	352	3238	4.072	4.076	0	0	False	-0.25	-0.2483333	-0.2483333	0.25	0	0.2217	32.557	32.566	-1	0.046	4.072	4.072	4.072	4.072	4.072	4.072	4.072	4.072	0	0	0	0	0	0	0	0	0	0	0	0	0	0	0	0	0	0	0	0	0	0	0	0	0	0	0	0	0	0	0	0	0	0	0	0	0	0	0	0	0	0	0	
12/28/2014 5:13:58 PM	0	0	8	15.29	15.42	0	344	3246	4.072	4.076	0	0	False	-0.2516667	-0.2516667	-0.2433333	0.25	0	0.2224	32.557	32.565	-1	0.046	4.072	4.072	4.072	4.072	4.072	4.072	4.072	4.072	0	0	0	0	0	0	0	0	0	0	0	0	0	0	0	0	0	0	0	0	0	0	0	0	0	0	0	0	0	0	0	0	0	0	0	0	0	0	0	0	0	0	0	
12/28/2014 5:14:08 PM	0	0	8	15.29	15.42	0	350	3259	4.072	4.076	0	0	False	-0.2483333	-0.2483333	-0.2533333	0.25	0	0.2232	32.557	32.562	-1	0.046	4.072	4.072	4.072	4.072	4.072	4.072	4.072	4.072	0	0	0	0	0	0	0	0	0	0	0	0	0	0	0	0	0	0	0	0	0	0	0	0	0	0	0	0	0	0	0	0	0	0	0	0	0	0	0	0	0	0	0	
12/28/2014 5:14:18 PM	0	0	8	15.29	15.42	0	344	3269	4.072	4.0758	0	0	False	-0.25	-0.2516667	-0.235	0.25	0	0.2239	32.557	32.559	-1	0.057	4.072	4.072	4.072	4.072	4.072	4.072	4.072	4.072	0	0	0	0	0	0	0	0	0	0	0	0	0	0	0	0	0	0	0	0	0	0	0	0	0	0	0	0	0	0	0	0	0	0	0	0	0	0	0	0	0	0	0	
12/28/2014 5:14:28 PM	0	0	8	15.29	15.42	0	346	3279	4.072	4.0754	0	0	False	-0.25	-0.2483333	-0.2433333	0.25	0	0.2246	32.545	32.557	-1	0.046	4.072	4.072	4.072	4.072	4.072	4.072	4.072	4.072	0	0	0	0	0	0	0	0	0	0	0	0	0	0	0	0	0	0	0	0	0	0	0	0	0	0	0	0	0	0	0	0	0	0	0	0	0	0	0	0	0	0	0	
12/28/2014 5:14:38 PM	0	0	8	15.29	15.42	0	344	3289	4.072	4.0754	0	0	False	-0.2516667	-0.25	-0.2616667	0.25	0	0.2253	32.545	32.557	-1	0.057	4.072	4.072	4.072	4.072	4.072	4.072	4.072	4.072	0	0	0	0	0	0	0	0	0	0	0	0	0	0	0	0	0	0	0	0	0	0	0	0	0	0	0	0	0	0	0	0	0	0	0	0	0	0	0	0	0	0	0	
12/28/2014 5:14:48 PM	0	0	8	15.29	15.42	0	344	3299	4.072	4.0753	0	0	False	-0.2516667	-0.255	-0.2616667	0.25	0	0.226	32.545	32.557	-1	0.057	4.072	4.072	4.072	4.072	4.072	4.072	4.072	4.072	0	0	0	0	0	0	0	0	0	0	0	0	0	0	0	0	0	0	0	0	0	0	0	0	0	0	0	0	0	0	0	0	0	0	0	0	0	0	0	0	0	0	0	
12/28/2014 5:14:58 PM	0	0	8	15.29	15.42	0	346	3309	4.072	4.0752	0	0	False	-0.25	-0.2533333	-0.2533333	0.25	0	0.2267	32.557	32.557	-1	0.046	4.072	4.072	4.072	4.072	4.072	4.072	4.072	4.072	0	0	0	0	0	0	0	0	0	0	0	0	0	0	0	0	0	0	0	0	0	0	0	0	0	0	0	0	0	0	0	0	0	0	0	0	0	0	0	0	0	0	0	
12/28/2014 5:15:09 PM	0	0	8	15.29	15.42	0	344	3319	4.071	4.075	0	0	False	-0.2533333	-0.2533333	-0.2433333	0.25	0	0.2274	32.545	32.557	-1	0.046	4.071	4.071	4.071	4.071	4.071	4.071	4.071	4.071	0	0	0	0	0	0	0	0	0	0	0	0	0	0	0	0	0	0	0	0	0	0	0	0	0	0	0	0	0	0	0	0	0	0	0	0	0	0	0	0	0	0	0	
12/28/2014 5:15:19 PM	0	0	8	15.29	15.42	0	346	3329	4.071	4.0747	0	0	False	-0.25	-0.25	-0.2666667	0.25	0	0.2281	32.545	32.557	-1	0.046	4.071	4.071	4.071	4.071	4.071	4.071	4.071	4.071	0	0	0	0	0	0	0	0	0	0	0	0	0	0	0	0	0	0	0	0	0	0	0	0	0	0	0	0	0	0	0	0	0	0	0	0	0	0	0	0	0	0	0	
12/28/2014 5:15:29 PM	0	0	8	15.29	15.42	0	344	3339	4.071	4.0747	0	0	False	-0.2533333	-0.2533333	-0.2483333	0.25	0	0.2288	32.545	32.556	-1	0.046	4.071	4.071	4.071	4.071	4.071	4.071	4.071	4.071	0	0	0	0	0	0	0	0	0	0	0	0	0	0	0	0	0	0	0	0	0	0	0	0	0	0	0	0	0	0	0	0	0	0	0	0	0	0	0	0	0	0	0	
12/28/2014 5:15:39 PM	0	0	8	15.29	15.42	0	348	3349	4.071	4.0747	0	0	False	-0.2516667	-0.25	-0.2483333	0.25	0	0.2295	32.545	32.556	-1	0.046	4.071	4.071	4.071	4.071	4.071	4.071	4.071	4.071	0	0	0	0	0	0	0	0	0	0	0	0	0	0	0	0	0	0	0	0	0	0	0	0	0	0	0	0	0	0	0	0	0	0	0	0	0	0	0	0	0	0	0	
12/28/2014 5:15:49 PM	0	0	8	15.29	15.42	0	342	3359	4.071	4.0747	0	0	False	-0.2516667	-0.2516667	-0.235	0.25	0	0.2302	32.545	32.557	-1	0.046	4.071	4.071	4.071	4.071	4.071	4.071	4.071	4.071	0	0	0	0	0	0	0	0	0	0	0	0	0	0	0	0	0	0	0	0	0	0	0	0	0	0	0	0	0	0	0	0	0	0	0	0	0	0	0	0	0	0	0	
12/28/2014 5:15:59 PM	0	0	8	15.29	15.42	0	348	3370	4.071	4.0747	0	0	False	-0.25	-0.2516667	-0.2616667	0.25	0	0.2309	32.545	32.556	-1	0.046	4.071	4.071	4.071	4.071	4.071	4.071	4.071	4.071	0	0	0	0	0	0	0	0	0	0	0	0	0	0	0	0	0	0	0	0	0	0	0	0	0	0	0	0	0	0	0	0	0	0	0	0	0	0	0	0	0	0	0	
12/28/2014 5:16:09 PM	0	0	8	15.29	15.42	0	346	3380	4.071	4.0747	0	0	False	-0.25	-0.25	-0.2433333	0.25	0	0.2316	32.545	32.556	-1	0.046	4.071	4.071	4.071	4.071	4.071	4.071	4.071	4.071	0	0	0	0	0	0	0	0	0	0	0	0	0	0	0	0	0	0	0	0	0	0	0	0	0	0	0	0	0	0	0	0	0	0	0	0	0	0	0	0	0	0	0	
12/28/2014 5:16:20 PM	0	0	8	15.29	15.42	0	342	3390	4.071	4.0747	0	0	False	-0.2516667	-0.2516667	-0.2516667	0.25	0	0.2323	32.545	32.55	-1	0.046	4.071	4.071	4.071	4.071	4.071	4.071	4.071	4.071	0	0	0	0	0	0	0	0	0	0	0	0	0	0	0	0	0	0	0	0	0	0	0	0	0	0	0	0	0	0	0	0	0	0	0	0	0	0	0	0	0	0	0	
12/28/2014 5:16:30 PM	0	0	8	15.29	15.42	0	344	3400	4.071	4.0747	0	0	False	-0.2533333	-0.2516667	-0.2433333	0.25	0	0.233	32.534	32.545	-1	0.046	4.071	4.071	4.071	4.071	4.071	4.071	4.071	4.071	0	0	0	0	0	0	0	0	0	0	0	0	0	0	0	0	0	0	0	0	0	0	0	0	0	0	0	0	0	0	0	0	0	0	0	0	0	0	0	0	0	0	0	
12/28/2014 5:16:40 PM	0	0	8	15.29	15.42	0	342	3410	4.071	4.0747	0	0	False	-0.2516667	-0.25	-0.2433333	0.25	0	0.2337	32.545	32.545	-1	0.046	4.071	4.071	4.071	4.071	4.071	4.071	4.071	4.071	0	0	0	0	0	0	0	0	0	0	0	0	0	0	0	0	0	0	0	0	0	0	0	0	0	0	0	0	0	0	0	0	0	0	0	0	0	0	0	0	0	0	0	
12/28/2014 5:16:50 PM	0	0	8	15.29	15.42	0	348	3420	4.071	4.0747	0	0	False	-0.2516667	-0.2533333	-0.2616667	0.25	0	0.2344	32.534	32.545	-1	0.057	4.071	4.071	4.071	4.071	4.071	4.071	4.071	4.071	0	0	0	0	0	0	0	0	0	0	0	0	0	0	0	0	0	0	0	0	0	0	0	0	0	0	0	0	0	0	0	0	0	0	0	0	0	0	0	0	0	0	0	
12/28/2014 5:17:00 PM	0	0	8	15.29	15.42	0	342	3430	4.071	4.0747	0	0	False	-0.2516667	-0.25	-0.235	0.25	0	0.2351	32.534	32.545	-1	0.057	4.071	4.071	4.071	4.071	4.071	4.071	4.071	4.071	0	0	0	0	0	0	0	0	0	0	0	0	0	0	0	0	0	0	0	0	0	0	0	0	0	0	0	0	0	0	0	0	0	0	0	0	0	0	0	0	0	0	0	
12/28/2014 5:17:10 PM	0	0	8	15.29	15.42	0	342	3440	4.071	4.0745	0	0	False	-0.2483333	-0.2516667	-0.2616667	0.25	0	0.2358	32.534	32.545	-1	0.057	4.071	4.071	4.071	4.071	4.071	4.071	4.071	4.071	0	0	0	0	0	0	0	0	0	0	0	0	0	0	0	0	0	0	0	0	0	0	0	0	0	0	0	0	0	0	0	0	0	0	0	0	0	0	0	0	0	0	0	
12/28/2014 5:17:20 PM	0	0	8	15.29	15.42	0	348	3450	4.07	4.0743	0	0	False	-0.2483333	-0.2516667	-0.2516667	0.25	0	0.2365	32.545	32.545	-1	0.046	4.07	4.07	4.07	4.07	4.07	4.07	4.07	4.07	0	0	0	0	0	0	0	0	0	0	0	0	0	0	0	0	0	0	0	0	0	0	0	0	0	0	0	0	0	0	0	0	0	0	0	0	0	0	0	0	0	0	0	
12/28/2014 5:17:31 PM	0	0	8	15.29	15.42	0	346	3460	4.07	4.0739	0	0	False	-0.25	-0.25	-0.2483333	0.25	0	0.2372	32.534	32.545	-1	0.046	4.07	4.07	4.07	4.07	4.07	4.07	4.07	4.07	0	0	0	0	0	0	0	0	0	0	0	0	0	0	0	0	0	0	0	0	0	0	0	0	0	0	0	0	0	0	0	0	0	0	0	0	0	0	0	0	0	0	0	
12/28/2014 5:17:41 PM	0	0	8	15.29	15.42	0	352	3470	4.07	4.0735	0	0	False	-0.2483333	-0.25	-0.2616667	0.25	0	0.2379	32.534	32.545	-1	0.046	4.07	4.07	4.07	4.07	4.07	4.07	4.07	4.07	0	0	0	0	0	0	0	0	0	0	0	0	0	0	0	0	0	0	0	0	0	0	0	0	0	0	0	0	0	0	0	0	0	0	0	0	0	0	0	0	0	0	0	
12/28/2014 5:17:51 PM	0	0	8	15.29	15.42	0	344	3481	4.07	4.0735	0	0	False	-0.25	-0.25	-0.2433333	0.25	0	0.2387	32.534	32.545	-1	0.046	4.07	4.07	4.07	4.07	4.07	4.07	4.07	4.07	0	0	0	0	0	0	0	0	0	0	0	0	0	0	0	0	0	0	0	0	0	0	0	0	0	0	0	0	0	0	0	0	0	0	0	0	0	0	0	0	0	0	0	
12/28/2014 5:18:01 PM	0	0	8	15.29	15.42	0	346	3491	4.07	4.0735	0	0	False	-0.25	-0.2516667	-0.2483333	0.25	0	0.2393	32.534	32.545	-1	0.046	4.07	4.07	4.07	4.07	4.07	4.07	4.07	4.07	0	0	0	0	0	0	0	0	0	0	0	0	0	0	0	0	0	0	0	0	0	0	0	0	0	0	0	0	0	0	0	0	0	0	0	0	0	0	0	0	0	0	0	
12/28/2014 5:18:11 PM	0	0	8	15.29	15.42	0	340	3501	4.07	4.0735	0	0	False	-0.2516667	-0.25	-0.2433333	0.25	0	0.24	32.534	32.545	-1	0.046	4.07	4.07	4.07	4.07	4.07	4.07	4.07	4.07	0	0	0	0	0	0	0	0	0	0	0	0	0	0	0	0	0	0	0	0	0	0	0	0	0	0	0	0	0	0	0	0	0	0	0	0	0	0	0	0	0	0	0	
12/28/2014 5:18:21 PM	0	0	8	15.29	15.42	0	346	3511	4.07	4.0735	0	0	False	-0.25	-0.2466667	-0.2533333	0.25	0	0.2407	32.522	32.542	-1	0.046	4.07	4.07	4.07	4.07	4.07	4.07	4.07	4.07	0	0	0	0	0	0	0	0	0	0	0	0	0	0	0	0	0	0	0	0	0	0	0	0	0	0	0	0	0	0	0	0	0	0	0	0	0	0	0	0	0	0	0	
12/28/2014 5:18:32 PM	0	0	8	15.29	15.42	0	348	3521	4.07	4.0735	0	0	False	-0.25	-0.25	-0.2483333	0.25	0	0.2414	32.534	32.542	-1	0.046	4.07	4.07	4.07	4.07	4.07	4.07	4.07	4.07	0	0	0	0	0	0	0	0	0	0	0	0	0	0	0	0	0	0	0	0	0	0	0	0	0	0	0	0	0	0	0	0	0	0	0	0	0	0	0	0	0	0	0	
12/28/2014 5:18:42 PM	0	0	8	15.29	15.42	0	348	3531	4.07	4.0734	0	0	False	-0.2483333	-0.2483333	-0.2483333	0.25	0	0.2421	32.534	32.537	-1	0.046	4.07	4.07	4.07	4.07	4.07	4.07	4.07	4.07	0	0	0	0	0	0	0	0	0	0	0	0	0	0	0	0	0	0	0	0	0	0	0	0	0	0	0	0	0	0	0	0	0	0	0	0	0	0	0	0	0	0	0	
12/28/2014 5:18:52 PM	0	0	8	15.29	15.42	0	350	3541	4.07	4.0734	0	0	False	-0.2483333	-0.25	-0.2483333	0.25	0	0.2428	32.534	32.534	-1	0.046	4.07	4.07	4.07	4.07	4.07	4.07	4.07	4.07	0	0	0	0	0	0	0	0	0	0	0	0	0	0	0	0	0	0	0	0	0	0	0	0	0	0	0	0	0	0	0	0	0	0	0	0	0	0	0	0	0	0	0	
12/28/2014 5:19:02 PM	0	0	8	15.29	15.42	0	344	3551	4.069	4.0733	0	0	False	-0.2483333	-0.2516667	-0.2533333	0.25	0	0.2435	32.534	32.534	-1	0.046	4.069	4.069	4.069	4.069	4.069	4.069	4.069	4.069	0	0	0	0	0	0	0	0	0	0	0	0	0	0	0	0	0	0	0	0	0	0	0	0	0	0	0	0	0	0	0	0	0	0	0	0	0	0	0	0	0	0	0	
12/28/2014 5:19:12 PM	0	0	8	15.29	15.42	0	342	3561	4.069	4.073	0	0	False	-0.2516667	-0.2516667	-0.2433333	0.25	0	0.2442	32.534	32.534	-1	0.046	4.069	4.069	4.069	4.069	4.069	4.069	4.069	4.069	0	0	0	0	0	0	0	0	0	0	0	0	0	0	0	0	0	0	0	0	0	0	0	0	0	0	0	0	0	0	0	0	0	0	0	0	0	0	0	0	0	0	0	
12/28/2014 5:19:22 PM	0	0	8	15.29	15.42	0	346	3571	4.069	4.0726	0	0	False	-0.2533333	-0.2516667	-0.2483333	0.25	0	0.2449	32.534	32.534	-1	0.046	4.069	4.069	4.069	4.069	4.069	4.069	4.069	4.069	0	0	0	0	0	0	0	0	0	0	0	0	0	0	0	0	0	0	0	0	0	0	0	0	0	0	0	0	0	0	0	0	0	0	0	0	0	0	0	0	0	0	0	
12/28/2014 5:19:32 PM	0	0	8	15.29	15.42	0	340	3581	4.069	4.0722	0	0	False	-0.2466667	-0.2516667	-0.2533333	0.25	0	0.2456	32.534	32.534	-1	0.057	4.069	4.069	4.069	4.069	4.069	4.069	4.069	4.069	0	0	0	0	0	0	0	0	0	0	0	0	0	0	0	0	0	0	0	0	0	0	0	0	0	0	0	0	0	0	0	0	0	0	0	0	0	0	0	0	0	0	0	
12/28/2014 5:19:43 PM	0	0	8	15.29	15.42	0	346	3592	4.069	4.0722	0	0	False	-0.2483333	-0.2483333	-0.2533333	0.25	0	0.2464	32.522	32.534	-1	0.046	4.069	4.069	4.069	4.069	4.069	4.069	4.069	4.069	0	0	0	0	0	0	0	0	0	0	0	0	0	0	0	0	0	0	0	0	0	0	0	0	0	0	0	0	0	0	0	0	0	0	0	0	0	0	0	0	0	0	0	
12/28/2014 5:19:53 PM	0	0	8	15.29	15.42	0	348	3602	4.069	4.0722	0	0	False	-0.2483333	-0.2483333	-0.2433333	0.25	0	0.2471	32.522	32.534	-1	0.057	4.069	4.069	4.069	4.069	4.069	4.069	4.069	4.069	0	0	0	0	0	0	0	0	0	0	0	0	0	0	0	0	0	0	0	0	0	0	0	0	0	0	0	0	0	0	0	0	0	0	0	0	0	0	0	0	0	0	0	
12/28/2014 5:20:03 PM	0	0	8	15.29	15.42	0	342	3612	4.069	4.0722	0	0	False	-0.2516667	-0.2516667	-0.2433333	0.25	0	0.2478	32.522	32.534	-1	0.046	4.069	4.069	4.069	4.069	4.069	4.069	4.069	4.069	0	0	0	0	0	0	0	0	0	0	0	0	0	0	0	0	0	0	0	0	0	0	0	0	0	0	0	0	0	0	0	0	0	0	0	0	0	0	0	0	0	0	0	
12/28/2014 5:20:13 PM	0	0	8	15.29	15.42	0	346	3622	4.069	4.0722	0	0	False	-0.2516667	-0.2533333	-0.2483333	0.25	0	0.2485	32.522	32.533	-1	0.057	4.069	4.069	4.069	4.069	4.069	4.069	4.069	4.069	0	0	0	0	0	0	0	0	0	0	0	0	0	0	0	0	0	0	0	0	0	0	0	0	0	0	0	0	0	0	0	0	0	0	0	0	0	0	0	0	0	0	0	
12/28/2014 5:20:23 PM	0	0	8	15.29	15.42	0	348	3632	4.069	4.0722	0	0	False	-0.2483333	-0.25	-0.2433333	0.25	0	0.2492	32.534	32.534	-1	0.046	4.069	4.069	4.069	4.069	4.069	4.069	4.069	4.069	0	0	0	0	0	0	0	0	0	0	0	0	0	0	0	0	0	0	0	0	0	0	0	0	0	0	0	0	0	0	0	0	0	0	0	0	0	0	0	0	0	0	0	
12/28/2014 5:20:33 PM	0	0	8	15.29	15.42	0	342	3642	4.069	4.0722	0	0	False	-0.2516667	-0.2516667	-0.2433333	0.25	0	0.2499	32.522	32.534	-1	0.046	4.069	4.069	4.069	4.069	4.069	4.069	4.069	4.069	0	0	0	0	0	0	0	0	0	0	0	0	0	0	0	0	0	0	0	0	0	0	0	0	0	0	0	0	0	0	0	0	0	0	0	0	0	0	0	0	0	0	0	
