DateTime	SlaveNum	Cycle	Mode	SupplyVolts	LSupplyVolts	SupplyAmps	PWM	SecTimer	AvgCellVolts	MaxCellVolts	AvgIR	FallBackVolts	CVStarted	SlowAmps	AvgAmps	FastAmps	SetAmps	AhrIN	AhrOUT	PackVolts	AvgPackVolts	Fuel1	SumError	Cell1Volts	Cell2Volts	Cell3Volts	Cell4Volts	Cell5Volts	Cell6Volts	Cell7Volts	Cell8Volts	Cell9Volts	Cell10Volts	Cell11Volts	Cell12Volts	Cell13Volts	Cell14Volts	Cell15Volts	Cell16Volts	Cell1IR	Cell2IR	Cell3IR	Cell4IR	Cell5IR	Cell6IR	Cell7IR	Cell8IR	Cell9IR	Cell10IR	Cell11IR	Cell12IR	Cell13IR	Cell14IR	Cell15IR	Cell16IR	BP1PWM	BP2PWM	BP3PWM	BP4PWM	BP5PWM	BP6PWM	BP7PWM	BP8PWM	BP9PWM	BP10PWM	BP11PWM	BP12PWM	BP13PWM	BP14PWM	BP15PWM	BP16PWM	Debug1	Debug2	Debug3	
12/30/2014 1:57:01 PM	0	0	8	15.26	15.4	0	0	5	4.1511	4.1598	0	0	False	0	0	-0.035	0.25	0	0	33.199	33.199	-1	0.046	4.151	4.151	4.151	4.151	4.151	4.151	4.151	4.152	0	0	0	0	0	0	0	0	0	0	0	0	0	0	0	0	0	0	0	0	0	0	0	0	0	0	0	0	0	0	0	0	0	0	0	0	0	0	0	0	0	0	0	
12/30/2014 1:57:06 PM	0	0	8	15.26	15.4	0	2	10	4.152	4.1598	0	0	False	0	-0.001666667	0	0.25	0	0	33.21	33.21	-1	0.034	4.152	4.152	4.152	4.152	4.152	4.152	4.152	4.152	0	0	0	0	0	0	0	0	0	0	0	0	0	0	0	0	0	0	0	0	0	0	0	0	0	0	0	0	0	0	0	0	0	0	0	0	0	0	0	0	0	0	0	
12/30/2014 1:57:16 PM	0	0	8	15.26	15.4	0	52	20	4.151	4.1585	0	0	False	0	-0.001666667	-0.01	0.25	0	0	33.21	33.21	-1	0.034	4.151	4.151	4.151	4.151	4.151	4.151	4.151	4.151	0	0	0	0	0	0	0	0	0	0	0	0	0	0	0	0	0	0	0	0	0	0	0	0	0	0	0	0	0	0	0	0	0	0	0	0	0	0	0	0	0	0	0	
12/30/2014 1:57:27 PM	0	0	8	15.26	15.4	0	102	30	4.151	4.1585	0	0	False	-0.01	-0.008333334	-0.01	0.25	0	0	33.21	33.21	-1	0.046	4.151	4.151	4.151	4.151	4.151	4.151	4.151	4.151	0	0	0	0	0	0	0	0	0	0	0	0	0	0	0	0	0	0	0	0	0	0	0	0	0	0	0	0	0	0	0	0	0	0	0	0	0	0	0	0	0	0	0	
12/30/2014 1:57:37 PM	0	0	8	15.26	15.4	0	152	40	4.151	4.1585	0	0	False	-0.02	-0.03166667	-0.03666667	0.25	0	0.0001	33.21	33.21	-1	0.034	4.151	4.151	4.151	4.151	4.151	4.151	4.151	4.151	0	0	0	0	0	0	0	0	0	0	0	0	0	0	0	0	0	0	0	0	0	0	0	0	0	0	0	0	0	0	0	0	0	0	0	0	0	0	0	0	0	0	0	
12/30/2014 1:57:47 PM	0	0	8	15.26	15.4	0	204	50	4.1501	4.1585	0	0	False	-0.03666667	-0.075	-0.09	0.25	0	0.0003	33.199	33.199	-1	0.034	4.15	4.15	4.15	4.15	4.15	4.15	4.15	4.151	0	0	0	0	0	0	0	0	0	0	0	0	0	0	0	0	0	0	0	0	0	0	0	0	0	0	0	0	0	0	0	0	0	0	0	0	0	0	0	0	0	0	0	
12/30/2014 1:57:57 PM	0	0	8	15.26	15.4	0	254	60	4.15	4.1573	0	0	False	-0.06	-0.1166667	-0.15	0.25	0	0.0006	33.187	33.187	-1	0.034	4.15	4.15	4.15	4.15	4.15	4.15	4.15	4.15	0	0	0	0	0	0	0	0	0	0	0	0	0	0	0	0	0	0	0	0	0	0	0	0	0	0	0	0	0	0	0	0	0	0	0	0	0	0	0	0	0	0	0	
12/30/2014 1:58:07 PM	0	0	8	15.26	15.4	0	304	70	4.15	4.1573	0	0	False	-0.09333333	-0.1583333	-0.2033333	0.25	0	0.0011	33.176	33.187	-1	0.046	4.15	4.15	4.15	4.15	4.15	4.15	4.15	4.15	0	0	0	0	0	0	0	0	0	0	0	0	0	0	0	0	0	0	0	0	0	0	0	0	0	0	0	0	0	0	0	0	0	0	0	0	0	0	0	0	0	0	0	
12/30/2014 1:58:17 PM	0	0	8	15.26	15.4	0	350	80	4.1481	4.1562	0	0	False	-0.1266667	-0.2	-0.2483333	0.25	0	0.0017	33.164	33.176	-1	0.034	4.148	4.148	4.148	4.148	4.148	4.148	4.148	4.149	0	0	0	0	0	0	0	0	0	0	0	0	0	0	0	0	0	0	0	0	0	0	0	0	0	0	0	0	0	0	0	0	0	0	0	0	0	0	0	0	0	0	0	
12/30/2014 1:58:27 PM	0	0	8	15.26	15.4	0	344	90	4.147	4.1548	0	0	False	-0.1666667	-0.2416667	-0.2433333	0.25	0	0.0025	33.153	33.164	-1	0.046	4.147	4.147	4.147	4.147	4.147	4.147	4.147	4.147	0	0	0	0	0	0	0	0	0	0	0	0	0	0	0	0	0	0	0	0	0	0	0	0	0	0	0	0	0	0	0	0	0	0	0	0	0	0	0	0	0	0	0	
12/30/2014 1:58:38 PM	0	0	8	15.26	15.4	0	348	101	4.146	4.1535	0	0	False	-0.2	-0.25	-0.2533333	0.25	0	0.0032	33.153	33.159	-1	0.034	4.146	4.146	4.146	4.146	4.146	4.146	4.146	4.146	0	0	0	0	0	0	0	0	0	0	0	0	0	0	0	0	0	0	0	0	0	0	0	0	0	0	0	0	0	0	0	0	0	0	0	0	0	0	0	0	0	0	0	
12/30/2014 1:58:48 PM	0	0	8	15.26	15.4	0	346	111	4.1451	4.1533	0	0	False	-0.2166667	-0.2516667	-0.2433333	0.25	0	0.0039	33.141	33.152	-1	0.046	4.145	4.145	4.145	4.145	4.145	4.145	4.145	4.146	0	0	0	0	0	0	0	0	0	0	0	0	0	0	0	0	0	0	0	0	0	0	0	0	0	0	0	0	0	0	0	0	0	0	0	0	0	0	0	0	0	0	0	
12/30/2014 1:58:58 PM	0	0	8	15.26	15.4	0	348	121	4.144	4.1522	0	0	False	-0.2333333	-0.25	-0.2483333	0.25	0	0.0046	33.13	33.141	-1	0.046	4.144	4.144	4.144	4.144	4.144	4.144	4.144	4.144	0	0	0	0	0	0	0	0	0	0	0	0	0	0	0	0	0	0	0	0	0	0	0	0	0	0	0	0	0	0	0	0	0	0	0	0	0	0	0	0	0	0	0	
12/30/2014 1:59:08 PM	0	0	8	15.26	15.4	0	346	131	4.143	4.1512	0	0	False	-0.25	-0.2516667	-0.2533333	0.25	0	0.0053	33.13	33.138	-1	0.034	4.143	4.143	4.143	4.143	4.143	4.143	4.143	4.143	0	0	0	0	0	0	0	0	0	0	0	0	0	0	0	0	0	0	0	0	0	0	0	0	0	0	0	0	0	0	0	0	0	0	0	0	0	0	0	0	0	0	0	
12/30/2014 1:59:18 PM	0	0	8	15.26	15.4	0	348	141	4.142	4.1502	0	0	False	-0.25	-0.25	-0.2533333	0.25	0	0.006	33.119	33.13	-1	0.046	4.142	4.142	4.142	4.142	4.142	4.142	4.142	4.142	0	0	0	0	0	0	0	0	0	0	0	0	0	0	0	0	0	0	0	0	0	0	0	0	0	0	0	0	0	0	0	0	0	0	0	0	0	0	0	0	0	0	0	
12/30/2014 1:59:28 PM	0	0	8	15.26	15.4	0	352	151	4.142	4.1485	0	0	False	-0.2483333	-0.2483333	-0.2533333	0.25	0	0.0067	33.119	33.126	-1	0.034	4.142	4.142	4.142	4.142	4.142	4.142	4.142	4.142	0	0	0	0	0	0	0	0	0	0	0	0	0	0	0	0	0	0	0	0	0	0	0	0	0	0	0	0	0	0	0	0	0	0	0	0	0	0	0	0	0	0	0	
12/30/2014 1:59:38 PM	0	0	8	15.26	15.4	0	350	161	4.141	4.148	0	0	False	-0.25	-0.2483333	-0.2483333	0.25	0	0.0074	33.107	33.119	-1	0.034	4.141	4.141	4.141	4.141	4.141	4.141	4.141	4.141	0	0	0	0	0	0	0	0	0	0	0	0	0	0	0	0	0	0	0	0	0	0	0	0	0	0	0	0	0	0	0	0	0	0	0	0	0	0	0	0	0	0	0	
12/30/2014 1:59:49 PM	0	0	8	15.26	15.4	0	344	171	4.14	4.1473	0	0	False	-0.2516667	-0.2533333	-0.2483333	0.25	0	0.0081	33.096	33.115	-1	0.046	4.14	4.14	4.14	4.14	4.14	4.14	4.14	4.14	0	0	0	0	0	0	0	0	0	0	0	0	0	0	0	0	0	0	0	0	0	0	0	0	0	0	0	0	0	0	0	0	0	0	0	0	0	0	0	0	0	0	0	
12/30/2014 1:59:59 PM	0	0	8	15.26	15.4	0	350	181	4.14	4.1468	0	0	False	-0.2483333	-0.2516667	-0.2483333	0.25	0	0.0088	33.096	33.107	-1	0.046	4.14	4.14	4.14	4.14	4.14	4.14	4.14	4.14	0	0	0	0	0	0	0	0	0	0	0	0	0	0	0	0	0	0	0	0	0	0	0	0	0	0	0	0	0	0	0	0	0	0	0	0	0	0	0	0	0	0	0	
12/30/2014 2:00:09 PM	0	0	8	15.26	15.4	0	346	191	4.139	4.1459	0	0	False	-0.2516667	-0.2533333	-0.2483333	0.25	0	0.0095	33.084	33.104	-1	0.046	4.139	4.139	4.139	4.139	4.139	4.139	4.139	4.139	0	0	0	0	0	0	0	0	0	0	0	0	0	0	0	0	0	0	0	0	0	0	0	0	0	0	0	0	0	0	0	0	0	0	0	0	0	0	0	0	0	0	0	
12/30/2014 2:00:19 PM	0	0	8	15.26	15.4	0	348	201	4.138	4.1453	0	0	False	-0.25	-0.2516667	-0.2433333	0.25	0	0.0102	33.084	33.096	-1	0.046	4.138	4.138	4.138	4.138	4.138	4.138	4.138	4.138	0	0	0	0	0	0	0	0	0	0	0	0	0	0	0	0	0	0	0	0	0	0	0	0	0	0	0	0	0	0	0	0	0	0	0	0	0	0	0	0	0	0	0	
12/30/2014 2:00:29 PM	0	0	8	15.26	15.4	0	346	212	4.137	4.1448	0	0	False	-0.2516667	-0.2533333	-0.2533333	0.25	0	0.0109	33.073	33.093	-1	0.046	4.137	4.137	4.137	4.137	4.137	4.137	4.137	4.137	0	0	0	0	0	0	0	0	0	0	0	0	0	0	0	0	0	0	0	0	0	0	0	0	0	0	0	0	0	0	0	0	0	0	0	0	0	0	0	0	0	0	0	
12/30/2014 2:00:39 PM	0	0	8	15.26	15.4	0	352	222	4.137	4.1441	0	0	False	-0.25	-0.2483333	-0.2483333	0.25	0	0.0116	33.073	33.084	-1	0.034	4.137	4.137	4.137	4.137	4.137	4.137	4.137	4.137	0	0	0	0	0	0	0	0	0	0	0	0	0	0	0	0	0	0	0	0	0	0	0	0	0	0	0	0	0	0	0	0	0	0	0	0	0	0	0	0	0	0	0	
12/30/2014 2:00:49 PM	0	0	8	15.26	15.4	0	354	232	4.136	4.1435	0	0	False	-0.2483333	-0.2483333	-0.2483333	0.25	0	0.0123	33.073	33.084	-1	0.034	4.136	4.136	4.136	4.136	4.136	4.136	4.136	4.136	0	0	0	0	0	0	0	0	0	0	0	0	0	0	0	0	0	0	0	0	0	0	0	0	0	0	0	0	0	0	0	0	0	0	0	0	0	0	0	0	0	0	0	
12/30/2014 2:01:00 PM	0	0	8	15.26	15.4	0	350	242	4.136	4.1429	0	0	False	-0.25	-0.2483333	-0.2433333	0.25	0	0.013	33.073	33.076	-1	0.046	4.136	4.136	4.136	4.136	4.136	4.136	4.136	4.136	0	0	0	0	0	0	0	0	0	0	0	0	0	0	0	0	0	0	0	0	0	0	0	0	0	0	0	0	0	0	0	0	0	0	0	0	0	0	0	0	0	0	0	
12/30/2014 2:01:10 PM	0	0	8	15.26	15.4	0	352	252	4.135	4.1423	0	0	False	-0.25	-0.2483333	-0.2483333	0.25	0	0.0137	33.061	33.073	-1	0.034	4.135	4.135	4.135	4.135	4.135	4.135	4.135	4.135	0	0	0	0	0	0	0	0	0	0	0	0	0	0	0	0	0	0	0	0	0	0	0	0	0	0	0	0	0	0	0	0	0	0	0	0	0	0	0	0	0	0	0	
12/30/2014 2:01:20 PM	0	0	8	15.26	15.4	0	350	262	4.134	4.1417	0	0	False	-0.2533333	-0.2516667	-0.2483333	0.25	0	0.0144	33.061	33.066	-1	0.046	4.134	4.134	4.134	4.134	4.134	4.134	4.134	4.134	0	0	0	0	0	0	0	0	0	0	0	0	0	0	0	0	0	0	0	0	0	0	0	0	0	0	0	0	0	0	0	0	0	0	0	0	0	0	0	0	0	0	0	
12/30/2014 2:01:30 PM	0	0	8	15.26	15.4	0	352	271	4.133	4.141	0	0	False	-0.25	-0.2516667	-0.2533333	0.25	0	0.015	33.05	33.061	-1	0.034	4.133	4.133	4.133	4.133	4.133	4.133	4.133	4.133	0	0	0	0	0	0	0	0	0	0	0	0	0	0	0	0	0	0	0	0	0	0	0	0	0	0	0	0	0	0	0	0	0	0	0	0	0	0	0	0	0	0	0	
12/30/2014 2:01:40 PM	0	0	8	15.26	15.4	0	348	282	4.133	4.1403	0	0	False	-0.25	-0.2516667	-0.2433333	0.25	0	0.0158	33.05	33.059	-1	0.034	4.133	4.133	4.133	4.133	4.133	4.133	4.133	4.133	0	0	0	0	0	0	0	0	0	0	0	0	0	0	0	0	0	0	0	0	0	0	0	0	0	0	0	0	0	0	0	0	0	0	0	0	0	0	0	0	0	0	0	
12/30/2014 2:01:50 PM	0	0	8	15.26	15.4	0	350	292	4.132	4.1398	0	0	False	-0.2516667	-0.25	-0.2483333	0.25	0	0.0165	33.038	33.05	-1	0.034	4.132	4.132	4.132	4.132	4.132	4.132	4.132	4.132	0	0	0	0	0	0	0	0	0	0	0	0	0	0	0	0	0	0	0	0	0	0	0	0	0	0	0	0	0	0	0	0	0	0	0	0	0	0	0	0	0	0	0	
12/30/2014 2:02:00 PM	0	0	8	15.26	15.4	0	348	302	4.132	4.1394	0	0	False	-0.2516667	-0.2516667	-0.2483333	0.25	0	0.0172	33.038	33.049	-1	0.034	4.132	4.132	4.132	4.132	4.132	4.132	4.132	4.132	0	0	0	0	0	0	0	0	0	0	0	0	0	0	0	0	0	0	0	0	0	0	0	0	0	0	0	0	0	0	0	0	0	0	0	0	0	0	0	0	0	0	0	
12/30/2014 2:02:11 PM	0	0	8	15.26	15.4	0	350	312	4.131	4.1385	0	0	False	-0.2516667	-0.2516667	-0.2516667	0.25	0	0.0179	33.027	33.04	-1	0.046	4.131	4.131	4.131	4.131	4.131	4.131	4.131	4.131	0	0	0	0	0	0	0	0	0	0	0	0	0	0	0	0	0	0	0	0	0	0	0	0	0	0	0	0	0	0	0	0	0	0	0	0	0	0	0	0	0	0	0	
12/30/2014 2:02:21 PM	0	0	8	15.26	15.4	0	356	322	4.13	4.1381	0	0	False	-0.25	-0.2483333	-0.2516667	0.25	0	0.0186	33.027	33.038	-1	0.034	4.13	4.13	4.13	4.13	4.13	4.13	4.13	4.13	0	0	0	0	0	0	0	0	0	0	0	0	0	0	0	0	0	0	0	0	0	0	0	0	0	0	0	0	0	0	0	0	0	0	0	0	0	0	0	0	0	0	0	
12/30/2014 2:02:31 PM	0	0	8	15.26	15.4	0	348	333	4.13	4.1373	0	0	False	-0.25	-0.2516667	-0.2516667	0.25	0	0.0193	33.015	33.034	-1	0.046	4.13	4.13	4.13	4.13	4.13	4.13	4.13	4.13	0	0	0	0	0	0	0	0	0	0	0	0	0	0	0	0	0	0	0	0	0	0	0	0	0	0	0	0	0	0	0	0	0	0	0	0	0	0	0	0	0	0	0	
12/30/2014 2:02:41 PM	0	0	8	15.26	15.4	0	350	343	4.1291	4.1373	0	0	False	-0.2516667	-0.2533333	-0.2533333	0.25	0	0.02	33.015	33.027	-1	0.034	4.129	4.129	4.129	4.129	4.129	4.129	4.129	4.13	0	0	0	0	0	0	0	0	0	0	0	0	0	0	0	0	0	0	0	0	0	0	0	0	0	0	0	0	0	0	0	0	0	0	0	0	0	0	0	0	0	0	0	
12/30/2014 2:02:51 PM	0	0	8	15.26	15.4	0	352	353	4.129	4.1366	0	0	False	-0.25	-0.25	-0.2483333	0.25	0	0.0207	33.015	33.026	-1	0.034	4.129	4.129	4.129	4.129	4.129	4.129	4.129	4.129	0	0	0	0	0	0	0	0	0	0	0	0	0	0	0	0	0	0	0	0	0	0	0	0	0	0	0	0	0	0	0	0	0	0	0	0	0	0	0	0	0	0	0	
12/30/2014 2:03:01 PM	0	0	8	15.26	15.4	0	354	363	4.128	4.136	0	0	False	-0.25	-0.2483333	-0.2433333	0.25	0	0.0214	33.004	33.016	-1	0.046	4.128	4.128	4.128	4.128	4.128	4.128	4.128	4.128	0	0	0	0	0	0	0	0	0	0	0	0	0	0	0	0	0	0	0	0	0	0	0	0	0	0	0	0	0	0	0	0	0	0	0	0	0	0	0	0	0	0	0	
12/30/2014 2:03:11 PM	0	0	8	15.26	15.4	0	352	373	4.128	4.1355	0	0	False	-0.25	-0.2516667	-0.2483333	0.25	0	0.0221	32.992	33.015	-1	0.046	4.128	4.128	4.128	4.128	4.128	4.128	4.128	4.128	0	0	0	0	0	0	0	0	0	0	0	0	0	0	0	0	0	0	0	0	0	0	0	0	0	0	0	0	0	0	0	0	0	0	0	0	0	0	0	0	0	0	0	
12/30/2014 2:03:22 PM	0	0	8	15.26	15.4	0	352	383	4.127	4.1348	0	0	False	-0.25	-0.25	-0.2483333	0.25	0	0.0228	32.992	33.012	-1	0.034	4.127	4.127	4.127	4.127	4.127	4.127	4.127	4.127	0	0	0	0	0	0	0	0	0	0	0	0	0	0	0	0	0	0	0	0	0	0	0	0	0	0	0	0	0	0	0	0	0	0	0	0	0	0	0	0	0	0	0	
12/30/2014 2:03:32 PM	0	0	8	15.26	15.4	0	354	393	4.127	4.1344	0	0	False	-0.2516667	-0.2483333	-0.2533333	0.25	0	0.0235	32.992	33.004	-1	0.046	4.127	4.127	4.127	4.127	4.127	4.127	4.127	4.127	0	0	0	0	0	0	0	0	0	0	0	0	0	0	0	0	0	0	0	0	0	0	0	0	0	0	0	0	0	0	0	0	0	0	0	0	0	0	0	0	0	0	0	
12/30/2014 2:03:42 PM	0	0	8	15.26	15.4	0	352	403	4.126	4.1335	0	0	False	-0.25	-0.2516667	-0.2483333	0.25	0	0.0242	32.992	33.004	-1	0.034	4.126	4.126	4.126	4.126	4.126	4.126	4.126	4.126	0	0	0	0	0	0	0	0	0	0	0	0	0	0	0	0	0	0	0	0	0	0	0	0	0	0	0	0	0	0	0	0	0	0	0	0	0	0	0	0	0	0	0	
12/30/2014 2:03:52 PM	0	0	8	15.26	15.4	0	358	413	4.126	4.1335	0	0	False	-0.25	-0.2483333	-0.2533333	0.25	0	0.0249	32.992	33.001	-1	0.046	4.126	4.126	4.126	4.126	4.126	4.126	4.126	4.126	0	0	0	0	0	0	0	0	0	0	0	0	0	0	0	0	0	0	0	0	0	0	0	0	0	0	0	0	0	0	0	0	0	0	0	0	0	0	0	0	0	0	0	
12/30/2014 2:04:02 PM	0	0	8	15.26	15.4	0	352	423	4.125	4.1326	0	0	False	-0.25	-0.25	-0.2483333	0.25	0	0.0256	32.981	32.992	-1	0.046	4.125	4.125	4.125	4.125	4.125	4.125	4.125	4.125	0	0	0	0	0	0	0	0	0	0	0	0	0	0	0	0	0	0	0	0	0	0	0	0	0	0	0	0	0	0	0	0	0	0	0	0	0	0	0	0	0	0	0	
12/30/2014 2:04:12 PM	0	0	8	15.26	15.4	0	352	433	4.1241	4.1323	0	0	False	-0.25	-0.2516667	-0.2533333	0.25	0	0.0263	32.981	32.991	-1	0.034	4.124	4.124	4.124	4.124	4.124	4.124	4.124	4.125	0	0	0	0	0	0	0	0	0	0	0	0	0	0	0	0	0	0	0	0	0	0	0	0	0	0	0	0	0	0	0	0	0	0	0	0	0	0	0	0	0	0	0	
12/30/2014 2:04:22 PM	0	0	8	15.26	15.4	0	354	443	4.124	4.1319	0	0	False	-0.25	-0.25	-0.2483333	0.25	0	0.027	32.969	32.981	-1	0.046	4.124	4.124	4.124	4.124	4.124	4.124	4.124	4.124	0	0	0	0	0	0	0	0	0	0	0	0	0	0	0	0	0	0	0	0	0	0	0	0	0	0	0	0	0	0	0	0	0	0	0	0	0	0	0	0	0	0	0	
12/30/2014 2:04:33 PM	0	0	8	15.26	15.4	0	352	454	4.123	4.1309	0	0	False	-0.25	-0.25	-0.2516667	0.25	0	0.0278	32.969	32.981	-1	0.034	4.123	4.123	4.123	4.123	4.123	4.123	4.123	4.123	0	0	0	0	0	0	0	0	0	0	0	0	0	0	0	0	0	0	0	0	0	0	0	0	0	0	0	0	0	0	0	0	0	0	0	0	0	0	0	0	0	0	0	
12/30/2014 2:04:43 PM	0	0	8	15.26	15.4	0	354	464	4.123	4.1309	0	0	False	-0.25	-0.25	-0.2516667	0.25	0	0.0285	32.969	32.98	-1	0.034	4.123	4.123	4.123	4.123	4.123	4.123	4.123	4.123	0	0	0	0	0	0	0	0	0	0	0	0	0	0	0	0	0	0	0	0	0	0	0	0	0	0	0	0	0	0	0	0	0	0	0	0	0	0	0	0	0	0	0	
12/30/2014 2:04:53 PM	0	0	8	15.26	15.4	0	350	474	4.122	4.1298	0	0	False	-0.2516667	-0.2516667	-0.2483333	0.25	0	0.0292	32.958	32.969	-1	0.034	4.122	4.122	4.122	4.122	4.122	4.122	4.122	4.122	0	0	0	0	0	0	0	0	0	0	0	0	0	0	0	0	0	0	0	0	0	0	0	0	0	0	0	0	0	0	0	0	0	0	0	0	0	0	0	0	0	0	0	
12/30/2014 2:05:03 PM	0	0	8	15.26	15.4	0	360	484	4.122	4.1298	0	0	False	-0.2483333	-0.2483333	-0.2516667	0.25	0	0.0298	32.958	32.969	-1	0.034	4.122	4.122	4.122	4.122	4.122	4.122	4.122	4.122	0	0	0	0	0	0	0	0	0	0	0	0	0	0	0	0	0	0	0	0	0	0	0	0	0	0	0	0	0	0	0	0	0	0	0	0	0	0	0	0	0	0	0	
12/30/2014 2:05:13 PM	0	0	8	15.26	15.4	0	354	494	4.1211	4.1293	0	0	False	-0.25	-0.2516667	-0.2516667	0.25	0	0.0306	32.947	32.967	-1	0.034	4.121	4.121	4.121	4.121	4.121	4.121	4.121	4.122	0	0	0	0	0	0	0	0	0	0	0	0	0	0	0	0	0	0	0	0	0	0	0	0	0	0	0	0	0	0	0	0	0	0	0	0	0	0	0	0	0	0	0	
12/30/2014 2:05:23 PM	0	0	8	15.26	15.4	0	356	504	4.121	4.1285	0	0	False	-0.2483333	-0.25	-0.2516667	0.25	0	0.0313	32.947	32.958	-1	0.046	4.121	4.121	4.121	4.121	4.121	4.121	4.121	4.121	0	0	0	0	0	0	0	0	0	0	0	0	0	0	0	0	0	0	0	0	0	0	0	0	0	0	0	0	0	0	0	0	0	0	0	0	0	0	0	0	0	0	0	
12/30/2014 2:05:33 PM	0	0	8	15.24	15.38	0	358	514	4.1201	4.1285	0	0	False	-0.25	-0.2483333	-0.2483333	0.25	0	0.032	32.947	32.957	-1	0.034	4.12	4.12	4.12	4.12	4.12	4.12	4.12	4.121	0	0	0	0	0	0	0	0	0	0	0	0	0	0	0	0	0	0	0	0	0	0	0	0	0	0	0	0	0	0	0	0	0	0	0	0	0	0	0	0	0	0	0	
12/30/2014 2:05:44 PM	0	0	8	15.24	15.38	0	350	524	4.12	4.1275	0	0	False	-0.2483333	-0.2516667	-0.2516667	0.25	0	0.0327	32.947	32.952	-1	0.034	4.12	4.12	4.12	4.12	4.12	4.12	4.12	4.12	0	0	0	0	0	0	0	0	0	0	0	0	0	0	0	0	0	0	0	0	0	0	0	0	0	0	0	0	0	0	0	0	0	0	0	0	0	0	0	0	0	0	0	
12/30/2014 2:05:54 PM	0	0	8	15.25	15.38	0	352	534	4.119	4.1272	0	0	False	-0.25	-0.25	-0.2516667	0.25	0	0.0334	32.935	32.947	-1	0.046	4.119	4.119	4.119	4.119	4.119	4.119	4.119	4.119	0	0	0	0	0	0	0	0	0	0	0	0	0	0	0	0	0	0	0	0	0	0	0	0	0	0	0	0	0	0	0	0	0	0	0	0	0	0	0	0	0	0	0	
12/30/2014 2:06:04 PM	0	0	8	15.24	15.38	0	346	544	4.119	4.1262	0	0	False	-0.25	-0.2516667	-0.2433333	0.25	0	0.0341	32.935	32.947	-1	0.034	4.119	4.119	4.119	4.119	4.119	4.119	4.119	4.119	0	0	0	0	0	0	0	0	0	0	0	0	0	0	0	0	0	0	0	0	0	0	0	0	0	0	0	0	0	0	0	0	0	0	0	0	0	0	0	0	0	0	0	
12/30/2014 2:06:14 PM	0	0	8	15.24	15.38	0	344	554	4.118	4.1259	0	0	False	-0.2516667	-0.2516667	-0.235	0.25	0	0.0347	32.924	32.937	-1	0.046	4.118	4.118	4.118	4.118	4.118	4.118	4.118	4.118	0	0	0	0	0	0	0	0	0	0	0	0	0	0	0	0	0	0	0	0	0	0	0	0	0	0	0	0	0	0	0	0	0	0	0	0	0	0	0	0	0	0	0	
12/30/2014 2:06:24 PM	0	0	8	15.25	15.38	0	342	564	4.118	4.1253	0	0	False	-0.2516667	-0.2516667	-0.2433333	0.25	0	0.0355	32.924	32.935	-1	0.046	4.118	4.118	4.118	4.118	4.118	4.118	4.118	4.118	0	0	0	0	0	0	0	0	0	0	0	0	0	0	0	0	0	0	0	0	0	0	0	0	0	0	0	0	0	0	0	0	0	0	0	0	0	0	0	0	0	0	0	
12/30/2014 2:06:34 PM	0	0	8	15.25	15.38	0	346	575	4.117	4.1248	0	0	False	-0.2483333	-0.25	-0.2533333	0.25	0	0.0362	32.924	32.934	-1	0.034	4.117	4.117	4.117	4.117	4.117	4.117	4.117	4.117	0	0	0	0	0	0	0	0	0	0	0	0	0	0	0	0	0	0	0	0	0	0	0	0	0	0	0	0	0	0	0	0	0	0	0	0	0	0	0	0	0	0	0	
12/30/2014 2:06:44 PM	0	0	8	15.24	15.38	0	348	585	4.117	4.1244	0	0	False	-0.25	-0.2533333	-0.2533333	0.25	0	0.0369	32.912	32.924	-1	0.046	4.117	4.117	4.117	4.117	4.117	4.117	4.117	4.117	0	0	0	0	0	0	0	0	0	0	0	0	0	0	0	0	0	0	0	0	0	0	0	0	0	0	0	0	0	0	0	0	0	0	0	0	0	0	0	0	0	0	0	
12/30/2014 2:06:55 PM	0	0	8	15.24	15.38	0	346	595	4.116	4.1235	0	0	False	-0.25	-0.2483333	-0.2433333	0.25	0	0.0376	32.912	32.923	-1	0.046	4.116	4.116	4.116	4.116	4.116	4.116	4.116	4.116	0	0	0	0	0	0	0	0	0	0	0	0	0	0	0	0	0	0	0	0	0	0	0	0	0	0	0	0	0	0	0	0	0	0	0	0	0	0	0	0	0	0	0	
12/30/2014 2:07:05 PM	0	0	8	15.24	15.38	0	344	605	4.116	4.1234	0	0	False	-0.2516667	-0.25	-0.2483333	0.25	0	0.0383	32.901	32.921	-1	0.046	4.116	4.116	4.116	4.116	4.116	4.116	4.116	4.116	0	0	0	0	0	0	0	0	0	0	0	0	0	0	0	0	0	0	0	0	0	0	0	0	0	0	0	0	0	0	0	0	0	0	0	0	0	0	0	0	0	0	0	
12/30/2014 2:07:15 PM	0	0	8	15.24	15.38	0	342	615	4.115	4.1227	0	0	False	-0.2516667	-0.25	-0.2533333	0.25	0	0.039	32.901	32.912	-1	0.046	4.115	4.115	4.115	4.115	4.115	4.115	4.115	4.115	0	0	0	0	0	0	0	0	0	0	0	0	0	0	0	0	0	0	0	0	0	0	0	0	0	0	0	0	0	0	0	0	0	0	0	0	0	0	0	0	0	0	0	
12/30/2014 2:07:25 PM	0	0	8	15.25	15.38	0	350	625	4.115	4.1223	0	0	False	-0.2533333	-0.25	-0.2483333	0.25	0	0.0397	32.901	32.911	-1	0.034	4.115	4.115	4.115	4.115	4.115	4.115	4.115	4.115	0	0	0	0	0	0	0	0	0	0	0	0	0	0	0	0	0	0	0	0	0	0	0	0	0	0	0	0	0	0	0	0	0	0	0	0	0	0	0	0	0	0	0	
12/30/2014 2:07:35 PM	0	0	8	15.24	15.38	0	348	635	4.115	4.122	0	0	False	-0.2516667	-0.2483333	-0.2533333	0.25	0	0.0404	32.889	32.909	-1	0.034	4.115	4.115	4.115	4.115	4.115	4.115	4.115	4.115	0	0	0	0	0	0	0	0	0	0	0	0	0	0	0	0	0	0	0	0	0	0	0	0	0	0	0	0	0	0	0	0	0	0	0	0	0	0	0	0	0	0	0	
12/30/2014 2:07:45 PM	0	0	8	15.24	15.38	0	346	645	4.114	4.121	0	0	False	-0.25	-0.25	-0.2483333	0.25	0	0.0411	32.901	32.901	-1	0.046	4.114	4.114	4.114	4.114	4.114	4.114	4.114	4.114	0	0	0	0	0	0	0	0	0	0	0	0	0	0	0	0	0	0	0	0	0	0	0	0	0	0	0	0	0	0	0	0	0	0	0	0	0	0	0	0	0	0	0	
12/30/2014 2:07:55 PM	0	0	8	15.24	15.38	0	344	655	4.114	4.1209	0	0	False	-0.25	-0.25	-0.2533333	0.25	0	0.0418	32.889	32.901	-1	0.046	4.114	4.114	4.114	4.114	4.114	4.114	4.114	4.114	0	0	0	0	0	0	0	0	0	0	0	0	0	0	0	0	0	0	0	0	0	0	0	0	0	0	0	0	0	0	0	0	0	0	0	0	0	0	0	0	0	0	0	
12/30/2014 2:08:06 PM	0	0	8	15.24	15.38	0	340	663	4.113	4.1207	0	0	False	-0.2516667	-0.2533333	-0.2533333	0.25	0	0.0424	32.889	32.9	-1	0.034	4.113	4.113	4.113	4.113	4.113	4.113	4.113	4.113	0	0	0	0	0	0	0	0	0	0	0	0	0	0	0	0	0	0	0	0	0	0	0	0	0	0	0	0	0	0	0	0	0	0	0	0	0	0	0	0	0	0	0	
12/30/2014 2:08:16 PM	0	0	8	15.24	15.38	0	346	675	4.113	4.1198	0	0	False	-0.2516667	-0.2483333	-0.2533333	0.25	0	0.0432	32.878	32.889	-1	0.046	4.113	4.113	4.113	4.113	4.113	4.113	4.113	4.113	0	0	0	0	0	0	0	0	0	0	0	0	0	0	0	0	0	0	0	0	0	0	0	0	0	0	0	0	0	0	0	0	0	0	0	0	0	0	0	0	0	0	0	
12/30/2014 2:08:26 PM	0	0	8	15.25	15.38	0	344	685	4.112	4.1196	0	0	False	-0.25	-0.25	-0.2533333	0.25	0	0.044	32.878	32.889	-1	0.046	4.112	4.112	4.112	4.112	4.112	4.112	4.112	4.112	0	0	0	0	0	0	0	0	0	0	0	0	0	0	0	0	0	0	0	0	0	0	0	0	0	0	0	0	0	0	0	0	0	0	0	0	0	0	0	0	0	0	0	
12/30/2014 2:08:36 PM	0	0	8	15.24	15.38	0	338	696	4.112	4.1191	0	0	False	-0.2516667	-0.2533333	-0.235	0.25	0	0.0446	32.878	32.887	-1	0.046	4.112	4.112	4.112	4.112	4.112	4.112	4.112	4.112	0	0	0	0	0	0	0	0	0	0	0	0	0	0	0	0	0	0	0	0	0	0	0	0	0	0	0	0	0	0	0	0	0	0	0	0	0	0	0	0	0	0	0	
12/30/2014 2:08:46 PM	0	0	8	15.24	15.38	0	344	706	4.111	4.1185	0	0	False	-0.25	-0.25	-0.2483333	0.25	0	0.0453	32.878	32.878	-1	0.034	4.111	4.111	4.111	4.111	4.111	4.111	4.111	4.111	0	0	0	0	0	0	0	0	0	0	0	0	0	0	0	0	0	0	0	0	0	0	0	0	0	0	0	0	0	0	0	0	0	0	0	0	0	0	0	0	0	0	0	
12/30/2014 2:08:56 PM	0	0	8	15.24	15.38	0	344	716	4.111	4.1185	0	0	False	-0.2516667	-0.255	-0.2483333	0.25	0	0.046	32.866	32.878	-1	0.046	4.111	4.111	4.111	4.111	4.111	4.111	4.111	4.111	0	0	0	0	0	0	0	0	0	0	0	0	0	0	0	0	0	0	0	0	0	0	0	0	0	0	0	0	0	0	0	0	0	0	0	0	0	0	0	0	0	0	0	
12/30/2014 2:09:06 PM	0	0	8	15.24	15.38	0	350	726	4.111	4.1174	0	0	False	-0.2483333	-0.2483333	-0.2516667	0.25	0	0.0467	32.866	32.876	-1	0.034	4.111	4.111	4.111	4.111	4.111	4.111	4.111	4.111	0	0	0	0	0	0	0	0	0	0	0	0	0	0	0	0	0	0	0	0	0	0	0	0	0	0	0	0	0	0	0	0	0	0	0	0	0	0	0	0	0	0	0	
12/30/2014 2:09:17 PM	0	0	8	15.25	15.38	0	340	736	4.11	4.1173	0	0	False	-0.2483333	-0.25	-0.235	0.25	0	0.0474	32.855	32.87	-1	0.034	4.11	4.11	4.11	4.11	4.11	4.11	4.11	4.11	0	0	0	0	0	0	0	0	0	0	0	0	0	0	0	0	0	0	0	0	0	0	0	0	0	0	0	0	0	0	0	0	0	0	0	0	0	0	0	0	0	0	0	
12/30/2014 2:09:27 PM	0	0	8	15.25	15.38	0	342	746	4.11	4.1168	0	0	False	-0.2516667	-0.25	-0.2483333	0.25	0	0.0481	32.855	32.866	-1	0.046	4.11	4.11	4.11	4.11	4.11	4.11	4.11	4.11	0	0	0	0	0	0	0	0	0	0	0	0	0	0	0	0	0	0	0	0	0	0	0	0	0	0	0	0	0	0	0	0	0	0	0	0	0	0	0	0	0	0	0	
12/30/2014 2:09:37 PM	0	0	8	15.24	15.38	0	340	756	4.109	4.116	0	0	False	-0.25	-0.2516667	-0.2483333	0.25	0	0.0488	32.855	32.866	-1	0.034	4.109	4.109	4.109	4.109	4.109	4.109	4.109	4.109	0	0	0	0	0	0	0	0	0	0	0	0	0	0	0	0	0	0	0	0	0	0	0	0	0	0	0	0	0	0	0	0	0	0	0	0	0	0	0	0	0	0	0	
12/30/2014 2:09:47 PM	0	0	8	15.24	15.38	0	340	766	4.109	4.116	0	0	False	-0.2483333	-0.2516667	-0.2616667	0.25	0	0.0495	32.855	32.858	-1	0.046	4.109	4.109	4.109	4.109	4.109	4.109	4.109	4.109	0	0	0	0	0	0	0	0	0	0	0	0	0	0	0	0	0	0	0	0	0	0	0	0	0	0	0	0	0	0	0	0	0	0	0	0	0	0	0	0	0	0	0	
12/30/2014 2:09:57 PM	0	0	8	15.25	15.38	0	342	776	4.109	4.1156	0	0	False	-0.2516667	-0.25	-0.235	0.25	0	0.0502	32.855	32.855	-1	0.034	4.109	4.109	4.109	4.109	4.109	4.109	4.109	4.109	0	0	0	0	0	0	0	0	0	0	0	0	0	0	0	0	0	0	0	0	0	0	0	0	0	0	0	0	0	0	0	0	0	0	0	0	0	0	0	0	0	0	0	
12/30/2014 2:10:07 PM	0	0	8	15.25	15.38	0	340	786	4.108	4.1148	0	0	False	-0.2516667	-0.2516667	-0.2616667	0.25	0	0.0509	32.843	32.854	-1	0.057	4.108	4.108	4.108	4.108	4.108	4.108	4.108	4.108	0	0	0	0	0	0	0	0	0	0	0	0	0	0	0	0	0	0	0	0	0	0	0	0	0	0	0	0	0	0	0	0	0	0	0	0	0	0	0	0	0	0	0	
12/30/2014 2:10:18 PM	0	0	8	15.24	15.38	0	346	796	4.108	4.1148	0	0	False	-0.25	-0.2466667	-0.2483333	0.25	0	0.0516	32.843	32.853	-1	0.034	4.108	4.108	4.108	4.108	4.108	4.108	4.108	4.108	0	0	0	0	0	0	0	0	0	0	0	0	0	0	0	0	0	0	0	0	0	0	0	0	0	0	0	0	0	0	0	0	0	0	0	0	0	0	0	0	0	0	0	
12/30/2014 2:10:28 PM	0	0	8	15.24	15.38	0	350	807	4.107	4.1144	0	0	False	-0.2483333	-0.2483333	-0.2516667	0.25	0	0.0524	32.832	32.845	-1	0.046	4.107	4.107	4.107	4.107	4.107	4.107	4.107	4.107	0	0	0	0	0	0	0	0	0	0	0	0	0	0	0	0	0	0	0	0	0	0	0	0	0	0	0	0	0	0	0	0	0	0	0	0	0	0	0	0	0	0	0	
12/30/2014 2:10:38 PM	0	0	8	15.24	15.38	0	344	817	4.107	4.1135	0	0	False	-0.25	-0.2533333	-0.2616667	0.25	0	0.053	32.832	32.843	-1	0.046	4.107	4.107	4.107	4.107	4.107	4.107	4.107	4.107	0	0	0	0	0	0	0	0	0	0	0	0	0	0	0	0	0	0	0	0	0	0	0	0	0	0	0	0	0	0	0	0	0	0	0	0	0	0	0	0	0	0	0	
12/30/2014 2:10:48 PM	0	0	8	15.24	15.38	0	346	827	4.106	4.1135	0	0	False	-0.25	-0.2516667	-0.2533333	0.25	0	0.0538	32.832	32.843	-1	0.046	4.106	4.106	4.106	4.106	4.106	4.106	4.106	4.106	0	0	0	0	0	0	0	0	0	0	0	0	0	0	0	0	0	0	0	0	0	0	0	0	0	0	0	0	0	0	0	0	0	0	0	0	0	0	0	0	0	0	0	
12/30/2014 2:10:58 PM	0	0	8	15.25	15.38	0	340	837	4.106	4.1131	0	0	False	-0.25	-0.2516667	-0.2433333	0.25	0	0.0544	32.832	32.84	-1	0.046	4.106	4.106	4.106	4.106	4.106	4.106	4.106	4.106	0	0	0	0	0	0	0	0	0	0	0	0	0	0	0	0	0	0	0	0	0	0	0	0	0	0	0	0	0	0	0	0	0	0	0	0	0	0	0	0	0	0	0	
12/30/2014 2:11:08 PM	0	0	8	15.24	15.38	0	346	847	4.106	4.1123	0	0	False	-0.25	-0.2483333	-0.2483333	0.25	0	0.0551	32.82	32.832	-1	0.046	4.106	4.106	4.106	4.106	4.106	4.106	4.106	4.106	0	0	0	0	0	0	0	0	0	0	0	0	0	0	0	0	0	0	0	0	0	0	0	0	0	0	0	0	0	0	0	0	0	0	0	0	0	0	0	0	0	0	0	
12/30/2014 2:11:18 PM	0	0	8	15.24	15.38	0	342	857	4.105	4.1123	0	0	False	-0.25	-0.2516667	-0.235	0.25	0	0.0558	32.82	32.832	-1	0.046	4.105	4.105	4.105	4.105	4.105	4.105	4.105	4.105	0	0	0	0	0	0	0	0	0	0	0	0	0	0	0	0	0	0	0	0	0	0	0	0	0	0	0	0	0	0	0	0	0	0	0	0	0	0	0	0	0	0	0	
12/30/2014 2:11:29 PM	0	0	8	15.25	15.38	0	344	867	4.105	4.1122	0	0	False	-0.25	-0.2516667	-0.2483333	0.25	0	0.0565	32.82	32.83	-1	0.057	4.105	4.105	4.105	4.105	4.105	4.105	4.105	4.105	0	0	0	0	0	0	0	0	0	0	0	0	0	0	0	0	0	0	0	0	0	0	0	0	0	0	0	0	0	0	0	0	0	0	0	0	0	0	0	0	0	0	0	
12/30/2014 2:11:39 PM	0	0	8	15.25	15.38	0	342	877	4.105	4.111	0	0	False	-0.2533333	-0.2533333	-0.2483333	0.25	0	0.0572	32.809	32.826	-1	0.034	4.105	4.105	4.105	4.105	4.105	4.105	4.105	4.105	0	0	0	0	0	0	0	0	0	0	0	0	0	0	0	0	0	0	0	0	0	0	0	0	0	0	0	0	0	0	0	0	0	0	0	0	0	0	0	0	0	0	0	
12/30/2014 2:11:49 PM	0	0	8	15.24	15.38	0	340	887	4.104	4.111	0	0	False	-0.2516667	-0.2516667	-0.2483333	0.25	0	0.0579	32.809	32.82	-1	0.046	4.104	4.104	4.104	4.104	4.104	4.104	4.104	4.104	0	0	0	0	0	0	0	0	0	0	0	0	0	0	0	0	0	0	0	0	0	0	0	0	0	0	0	0	0	0	0	0	0	0	0	0	0	0	0	0	0	0	0	
12/30/2014 2:11:59 PM	0	0	8	15.25	15.38	0	342	897	4.104	4.111	0	0	False	-0.2516667	-0.25	-0.2483333	0.25	0	0.0586	32.809	32.82	-1	0.046	4.104	4.104	4.104	4.104	4.104	4.104	4.104	4.104	0	0	0	0	0	0	0	0	0	0	0	0	0	0	0	0	0	0	0	0	0	0	0	0	0	0	0	0	0	0	0	0	0	0	0	0	0	0	0	0	0	0	0	
12/30/2014 2:12:09 PM	0	0	8	15.24	15.38	0	346	907	4.103	4.1103	0	0	False	-0.25	-0.2483333	-0.2483333	0.25	0	0.0593	32.809	32.816	-1	0.034	4.103	4.103	4.103	4.103	4.103	4.103	4.103	4.103	0	0	0	0	0	0	0	0	0	0	0	0	0	0	0	0	0	0	0	0	0	0	0	0	0	0	0	0	0	0	0	0	0	0	0	0	0	0	0	0	0	0	0	
12/30/2014 2:12:19 PM	0	0	8	15.25	15.38	0	344	917	4.103	4.1098	0	0	False	-0.2516667	-0.2516667	-0.2433333	0.25	0	0.06	32.797	32.809	-1	0.046	4.103	4.103	4.103	4.103	4.103	4.103	4.103	4.103	0	0	0	0	0	0	0	0	0	0	0	0	0	0	0	0	0	0	0	0	0	0	0	0	0	0	0	0	0	0	0	0	0	0	0	0	0	0	0	0	0	0	0	
12/30/2014 2:12:29 PM	0	0	8	15.25	15.38	0	342	928	4.103	4.1096	0	0	False	-0.25	-0.2516667	-0.2616667	0.25	0	0.0608	32.797	32.809	-1	0.046	4.103	4.103	4.103	4.103	4.103	4.103	4.103	4.103	0	0	0	0	0	0	0	0	0	0	0	0	0	0	0	0	0	0	0	0	0	0	0	0	0	0	0	0	0	0	0	0	0	0	0	0	0	0	0	0	0	0	0	
12/30/2014 2:12:40 PM	0	0	8	15.24	15.38	0	340	938	4.102	4.109	0	0	False	-0.2533333	-0.2533333	-0.2516667	0.25	0	0.0615	32.797	32.808	-1	0.046	4.102	4.102	4.102	4.102	4.102	4.102	4.102	4.102	0	0	0	0	0	0	0	0	0	0	0	0	0	0	0	0	0	0	0	0	0	0	0	0	0	0	0	0	0	0	0	0	0	0	0	0	0	0	0	0	0	0	0	
12/30/2014 2:12:50 PM	0	0	8	15.24	15.38	0	342	948	4.102	4.1085	0	0	False	-0.2483333	-0.2483333	-0.2433333	0.25	0	0.0622	32.797	32.807	-1	0.046	4.102	4.102	4.102	4.102	4.102	4.102	4.102	4.102	0	0	0	0	0	0	0	0	0	0	0	0	0	0	0	0	0	0	0	0	0	0	0	0	0	0	0	0	0	0	0	0	0	0	0	0	0	0	0	0	0	0	0	
12/30/2014 2:13:00 PM	0	0	8	15.24	15.38	0	346	958	4.102	4.1085	0	0	False	-0.2483333	-0.2466667	-0.235	0.25	0	0.0629	32.797	32.804	-1	0.034	4.102	4.102	4.102	4.102	4.102	4.102	4.102	4.102	0	0	0	0	0	0	0	0	0	0	0	0	0	0	0	0	0	0	0	0	0	0	0	0	0	0	0	0	0	0	0	0	0	0	0	0	0	0	0	0	0	0	0	
12/30/2014 2:13:10 PM	0	0	8	15.24	15.38	0	348	968	4.101	4.1085	0	0	False	-0.25	-0.2483333	-0.2666667	0.25	0	0.0636	32.786	32.797	-1	0.046	4.101	4.101	4.101	4.101	4.101	4.101	4.101	4.101	0	0	0	0	0	0	0	0	0	0	0	0	0	0	0	0	0	0	0	0	0	0	0	0	0	0	0	0	0	0	0	0	0	0	0	0	0	0	0	0	0	0	0	
12/30/2014 2:13:20 PM	0	0	8	15.24	15.38	0	342	978	4.101	4.1076	0	0	False	-0.2483333	-0.25	-0.2483333	0.25	0	0.0643	32.786	32.797	-1	0.046	4.101	4.101	4.101	4.101	4.101	4.101	4.101	4.101	0	0	0	0	0	0	0	0	0	0	0	0	0	0	0	0	0	0	0	0	0	0	0	0	0	0	0	0	0	0	0	0	0	0	0	0	0	0	0	0	0	0	0	
12/30/2014 2:13:30 PM	0	0	8	15.24	15.38	0	344	988	4.101	4.1073	0	0	False	-0.25	-0.2483333	-0.2516667	0.25	0	0.065	32.786	32.797	-1	0.057	4.101	4.101	4.101	4.101	4.101	4.101	4.101	4.101	0	0	0	0	0	0	0	0	0	0	0	0	0	0	0	0	0	0	0	0	0	0	0	0	0	0	0	0	0	0	0	0	0	0	0	0	0	0	0	0	0	0	0	
12/30/2014 2:13:40 PM	0	0	8	15.24	15.38	0	342	998	4.1	4.1073	0	0	False	-0.2516667	-0.25	-0.2483333	0.25	0	0.0657	32.775	32.791	-1	0.046	4.1	4.1	4.1	4.1	4.1	4.1	4.1	4.1	0	0	0	0	0	0	0	0	0	0	0	0	0	0	0	0	0	0	0	0	0	0	0	0	0	0	0	0	0	0	0	0	0	0	0	0	0	0	0	0	0	0	0	
12/30/2014 2:13:51 PM	0	0	8	15.24	15.38	0	342	1008	4.1	4.1072	0	0	False	-0.25	-0.25	-0.2433333	0.25	0	0.0664	32.775	32.786	-1	0.046	4.1	4.1	4.1	4.1	4.1	4.1	4.1	4.1	0	0	0	0	0	0	0	0	0	0	0	0	0	0	0	0	0	0	0	0	0	0	0	0	0	0	0	0	0	0	0	0	0	0	0	0	0	0	0	0	0	0	0	
12/30/2014 2:14:01 PM	0	0	8	15.25	15.38	0	344	1018	4.1	4.1062	0	0	False	-0.25	-0.25	-0.2516667	0.25	0	0.0671	32.775	32.786	-1	0.046	4.1	4.1	4.1	4.1	4.1	4.1	4.1	4.1	0	0	0	0	0	0	0	0	0	0	0	0	0	0	0	0	0	0	0	0	0	0	0	0	0	0	0	0	0	0	0	0	0	0	0	0	0	0	0	0	0	0	0	
12/30/2014 2:14:11 PM	0	0	8	15.24	15.38	0	342	1028	4.099	4.106	0	0	False	-0.25	-0.25	-0.2433333	0.25	0	0.0678	32.775	32.785	-1	0.046	4.099	4.099	4.099	4.099	4.099	4.099	4.099	4.099	0	0	0	0	0	0	0	0	0	0	0	0	0	0	0	0	0	0	0	0	0	0	0	0	0	0	0	0	0	0	0	0	0	0	0	0	0	0	0	0	0	0	0	
12/30/2014 2:14:21 PM	0	0	8	15.25	15.38	0	344	1038	4.099	4.1058	0	0	False	-0.25	-0.25	-0.2483333	0.25	0	0.0685	32.775	32.783	-1	0.046	4.099	4.099	4.099	4.099	4.099	4.099	4.099	4.099	0	0	0	0	0	0	0	0	0	0	0	0	0	0	0	0	0	0	0	0	0	0	0	0	0	0	0	0	0	0	0	0	0	0	0	0	0	0	0	0	0	0	0	
12/30/2014 2:14:31 PM	0	0	8	15.24	15.38	0	344	1049	4.099	4.1057	0	0	False	-0.25	-0.2516667	-0.2616667	0.25	0	0.0692	32.763	32.775	-1	0.046	4.099	4.099	4.099	4.099	4.099	4.099	4.099	4.099	0	0	0	0	0	0	0	0	0	0	0	0	0	0	0	0	0	0	0	0	0	0	0	0	0	0	0	0	0	0	0	0	0	0	0	0	0	0	0	0	0	0	0	
12/30/2014 2:14:41 PM	0	0	8	15.24	15.38	0	346	1059	4.098	4.1048	0	0	False	-0.2516667	-0.25	-0.2483333	0.25	0	0.0699	32.763	32.775	-1	0.046	4.098	4.098	4.098	4.098	4.098	4.098	4.098	4.098	0	0	0	0	0	0	0	0	0	0	0	0	0	0	0	0	0	0	0	0	0	0	0	0	0	0	0	0	0	0	0	0	0	0	0	0	0	0	0	0	0	0	0	
12/30/2014 2:14:51 PM	0	0	8	15.24	15.38	0	340	1069	4.098	4.1048	0	0	False	-0.2516667	-0.25	-0.2533333	0.25	0	0.0706	32.763	32.775	-1	0.046	4.098	4.098	4.098	4.098	4.098	4.098	4.098	4.098	0	0	0	0	0	0	0	0	0	0	0	0	0	0	0	0	0	0	0	0	0	0	0	0	0	0	0	0	0	0	0	0	0	0	0	0	0	0	0	0	0	0	0	
12/30/2014 2:15:02 PM	0	0	8	15.24	15.38	0	346	1079	4.098	4.1047	0	0	False	-0.25	-0.2483333	-0.2533333	0.25	0	0.0713	32.763	32.771	-1	0.057	4.098	4.098	4.098	4.098	4.098	4.098	4.098	4.098	0	0	0	0	0	0	0	0	0	0	0	0	0	0	0	0	0	0	0	0	0	0	0	0	0	0	0	0	0	0	0	0	0	0	0	0	0	0	0	0	0	0	0	
12/30/2014 2:15:12 PM	0	0	8	15.24	15.38	0	340	1089	4.098	4.104	0	0	False	-0.25	-0.2516667	-0.235	0.25	0	0.072	32.752	32.763	-1	0.046	4.098	4.098	4.098	4.098	4.098	4.098	4.098	4.098	0	0	0	0	0	0	0	0	0	0	0	0	0	0	0	0	0	0	0	0	0	0	0	0	0	0	0	0	0	0	0	0	0	0	0	0	0	0	0	0	0	0	0	
12/30/2014 2:15:22 PM	0	0	8	15.25	15.38	0	344	1099	4.097	4.1035	0	0	False	-0.25	-0.2483333	-0.2483333	0.25	0	0.0727	32.763	32.763	-1	0.034	4.097	4.097	4.097	4.097	4.097	4.097	4.097	4.097	0	0	0	0	0	0	0	0	0	0	0	0	0	0	0	0	0	0	0	0	0	0	0	0	0	0	0	0	0	0	0	0	0	0	0	0	0	0	0	0	0	0	0	
12/30/2014 2:15:32 PM	0	0	8	15.24	15.38	0	350	1109	4.097	4.1035	0	0	False	-0.2483333	-0.2483333	-0.2616667	0.25	0	0.0734	32.752	32.763	-1	0.046	4.097	4.097	4.097	4.097	4.097	4.097	4.097	4.097	0	0	0	0	0	0	0	0	0	0	0	0	0	0	0	0	0	0	0	0	0	0	0	0	0	0	0	0	0	0	0	0	0	0	0	0	0	0	0	0	0	0	0	
12/30/2014 2:15:42 PM	0	0	8	15.25	15.38	0	340	1119	4.097	4.1032	0	0	False	-0.25	-0.25	-0.2433333	0.25	0	0.0741	32.752	32.763	-1	0.046	4.097	4.097	4.097	4.097	4.097	4.097	4.097	4.097	0	0	0	0	0	0	0	0	0	0	0	0	0	0	0	0	0	0	0	0	0	0	0	0	0	0	0	0	0	0	0	0	0	0	0	0	0	0	0	0	0	0	0	
12/30/2014 2:15:52 PM	0	0	8	15.24	15.38	0	342	1129	4.097	4.103	0	0	False	-0.2483333	-0.2483333	-0.2433333	0.25	0	0.0748	32.74	32.759	-1	0.034	4.097	4.097	4.097	4.097	4.097	4.097	4.097	4.097	0	0	0	0	0	0	0	0	0	0	0	0	0	0	0	0	0	0	0	0	0	0	0	0	0	0	0	0	0	0	0	0	0	0	0	0	0	0	0	0	0	0	0	
12/30/2014 2:16:02 PM	0	0	8	15.24	15.38	0	338	1139	4.096	4.1023	0	0	False	-0.2533333	-0.25	-0.2483333	0.25	0	0.0755	32.74	32.752	-1	0.046	4.096	4.096	4.096	4.096	4.096	4.096	4.096	4.096	0	0	0	0	0	0	0	0	0	0	0	0	0	0	0	0	0	0	0	0	0	0	0	0	0	0	0	0	0	0	0	0	0	0	0	0	0	0	0	0	0	0	0	
12/30/2014 2:16:13 PM	0	0	8	15.24	15.38	0	344	1149	4.096	4.1023	0	0	False	-0.2516667	-0.2466667	-0.2483333	0.25	0	0.0762	32.752	32.752	-1	0.046	4.096	4.096	4.096	4.096	4.096	4.096	4.096	4.096	0	0	0	0	0	0	0	0	0	0	0	0	0	0	0	0	0	0	0	0	0	0	0	0	0	0	0	0	0	0	0	0	0	0	0	0	0	0	0	0	0	0	0	
12/30/2014 2:16:23 PM	0	0	8	15.24	15.38	0	346	1159	4.095	4.1021	0	0	False	-0.2483333	-0.2483333	-0.2533333	0.25	0	0.077	32.74	32.752	-1	0.046	4.095	4.095	4.095	4.095	4.095	4.095	4.095	4.095	0	0	0	0	0	0	0	0	0	0	0	0	0	0	0	0	0	0	0	0	0	0	0	0	0	0	0	0	0	0	0	0	0	0	0	0	0	0	0	0	0	0	0	
12/30/2014 2:16:33 PM	0	0	8	15.24	15.38	0	340	1170	4.095	4.1019	0	0	False	-0.25	-0.25	-0.235	0.25	0	0.0776	32.74	32.751	-1	0.046	4.095	4.095	4.095	4.095	4.095	4.095	4.095	4.095	0	0	0	0	0	0	0	0	0	0	0	0	0	0	0	0	0	0	0	0	0	0	0	0	0	0	0	0	0	0	0	0	0	0	0	0	0	0	0	0	0	0	0	
12/30/2014 2:16:43 PM	0	0	8	15.24	15.38	0	338	1180	4.095	4.101	0	0	False	-0.2516667	-0.2533333	-0.235	0.25	0	0.0783	32.729	32.748	-1	0.057	4.095	4.095	4.095	4.095	4.095	4.095	4.095	4.095	0	0	0	0	0	0	0	0	0	0	0	0	0	0	0	0	0	0	0	0	0	0	0	0	0	0	0	0	0	0	0	0	0	0	0	0	0	0	0	0	0	0	0	
12/30/2014 2:16:53 PM	0	0	8	15.24	15.38	0	342	1190	4.095	4.1008	0	0	False	-0.25	-0.25	-0.2433333	0.25	0	0.079	32.74	32.742	-1	0.046	4.095	4.095	4.095	4.095	4.095	4.095	4.095	4.095	0	0	0	0	0	0	0	0	0	0	0	0	0	0	0	0	0	0	0	0	0	0	0	0	0	0	0	0	0	0	0	0	0	0	0	0	0	0	0	0	0	0	0	
12/30/2014 2:17:03 PM	0	0	8	15.24	15.38	0	344	1200	4.094	4.1008	0	0	False	-0.2483333	-0.25	-0.2516667	0.25	0	0.0797	32.729	32.74	-1	0.046	4.094	4.094	4.094	4.094	4.094	4.094	4.094	4.094	0	0	0	0	0	0	0	0	0	0	0	0	0	0	0	0	0	0	0	0	0	0	0	0	0	0	0	0	0	0	0	0	0	0	0	0	0	0	0	0	0	0	0	
12/30/2014 2:17:13 PM	0	0	8	15.24	15.38	0	342	1210	4.094	4.1006	0	0	False	-0.2516667	-0.25	-0.2516667	0.25	0	0.0804	32.729	32.74	-1	0.046	4.094	4.094	4.094	4.094	4.094	4.094	4.094	4.094	0	0	0	0	0	0	0	0	0	0	0	0	0	0	0	0	0	0	0	0	0	0	0	0	0	0	0	0	0	0	0	0	0	0	0	0	0	0	0	0	0	0	0	
12/30/2014 2:17:24 PM	0	0	8	15.24	15.38	0	340	1220	4.094	4.1005	0	0	False	-0.2516667	-0.25	-0.235	0.25	0	0.0811	32.729	32.74	-1	0.046	4.094	4.094	4.094	4.094	4.094	4.094	4.094	4.094	0	0	0	0	0	0	0	0	0	0	0	0	0	0	0	0	0	0	0	0	0	0	0	0	0	0	0	0	0	0	0	0	0	0	0	0	0	0	0	0	0	0	0	
12/30/2014 2:17:34 PM	0	0	8	15.24	15.38	0	342	1230	4.094	4.0998	0	0	False	-0.2516667	-0.25	-0.2483333	0.25	0	0.0818	32.729	32.74	-1	0.046	4.094	4.094	4.094	4.094	4.094	4.094	4.094	4.094	0	0	0	0	0	0	0	0	0	0	0	0	0	0	0	0	0	0	0	0	0	0	0	0	0	0	0	0	0	0	0	0	0	0	0	0	0	0	0	0	0	0	0	
12/30/2014 2:17:44 PM	0	0	8	15.24	15.38	0	346	1240	4.093	4.0998	0	0	False	-0.25	-0.25	-0.2483333	0.25	0	0.0825	32.717	32.733	-1	0.046	4.093	4.093	4.093	4.093	4.093	4.093	4.093	4.093	0	0	0	0	0	0	0	0	0	0	0	0	0	0	0	0	0	0	0	0	0	0	0	0	0	0	0	0	0	0	0	0	0	0	0	0	0	0	0	0	0	0	0	
12/30/2014 2:17:54 PM	0	0	8	15.24	15.38	0	344	1250	4.093	4.0996	0	0	False	-0.2533333	-0.2516667	-0.2483333	0.25	0	0.0832	32.717	32.729	-1	0.046	4.093	4.093	4.093	4.093	4.093	4.093	4.093	4.093	0	0	0	0	0	0	0	0	0	0	0	0	0	0	0	0	0	0	0	0	0	0	0	0	0	0	0	0	0	0	0	0	0	0	0	0	0	0	0	0	0	0	0	
12/30/2014 2:18:04 PM	0	0	8	15.24	15.38	0	342	1260	4.093	4.0992	0	0	False	-0.2516667	-0.25	-0.2516667	0.25	0	0.0839	32.717	32.729	-1	0.046	4.093	4.093	4.093	4.093	4.093	4.093	4.093	4.093	0	0	0	0	0	0	0	0	0	0	0	0	0	0	0	0	0	0	0	0	0	0	0	0	0	0	0	0	0	0	0	0	0	0	0	0	0	0	0	0	0	0	0	
12/30/2014 2:18:14 PM	0	0	8	15.25	15.38	0	344	1270	4.092	4.0985	0	0	False	-0.2533333	-0.25	-0.2483333	0.25	0	0.0846	32.717	32.729	-1	0.046	4.092	4.092	4.092	4.092	4.092	4.092	4.092	4.092	0	0	0	0	0	0	0	0	0	0	0	0	0	0	0	0	0	0	0	0	0	0	0	0	0	0	0	0	0	0	0	0	0	0	0	0	0	0	0	0	0	0	0	
12/30/2014 2:18:24 PM	0	0	8	15.24	15.38	0	346	1280	4.092	4.0985	0	0	False	-0.25	-0.25	-0.235	0.25	0	0.0854	32.706	32.728	-1	0.057	4.092	4.092	4.092	4.092	4.092	4.092	4.092	4.092	0	0	0	0	0	0	0	0	0	0	0	0	0	0	0	0	0	0	0	0	0	0	0	0	0	0	0	0	0	0	0	0	0	0	0	0	0	0	0	0	0	0	0	
12/30/2014 2:18:35 PM	0	0	8	15.24	15.38	0	346	1291	4.092	4.0985	0	0	False	-0.25	-0.2483333	-0.2483333	0.25	0	0.0861	32.717	32.721	-1	0.057	4.092	4.092	4.092	4.092	4.092	4.092	4.092	4.092	0	0	0	0	0	0	0	0	0	0	0	0	0	0	0	0	0	0	0	0	0	0	0	0	0	0	0	0	0	0	0	0	0	0	0	0	0	0	0	0	0	0	0	
12/30/2014 2:18:45 PM	0	0	8	15.24	15.38	0	348	1301	4.091	4.0977	0	0	False	-0.25	-0.2483333	-0.2483333	0.25	0	0.0868	32.706	32.717	-1	0.046	4.091	4.091	4.091	4.091	4.091	4.091	4.091	4.091	0	0	0	0	0	0	0	0	0	0	0	0	0	0	0	0	0	0	0	0	0	0	0	0	0	0	0	0	0	0	0	0	0	0	0	0	0	0	0	0	0	0	0	
12/30/2014 2:18:55 PM	0	0	8	15.24	15.38	0	338	1311	4.091	4.0973	0	0	False	-0.2516667	-0.25	-0.2433333	0.25	0	0.0875	32.706	32.717	-1	0.046	4.091	4.091	4.091	4.091	4.091	4.091	4.091	4.091	0	0	0	0	0	0	0	0	0	0	0	0	0	0	0	0	0	0	0	0	0	0	0	0	0	0	0	0	0	0	0	0	0	0	0	0	0	0	0	0	0	0	0	
12/30/2014 2:19:05 PM	0	0	8	15.24	15.38	0	344	1321	4.091	4.0973	0	0	False	-0.2483333	-0.2466667	-0.2483333	0.25	0	0.0882	32.706	32.717	-1	0.046	4.091	4.091	4.091	4.091	4.091	4.091	4.091	4.091	0	0	0	0	0	0	0	0	0	0	0	0	0	0	0	0	0	0	0	0	0	0	0	0	0	0	0	0	0	0	0	0	0	0	0	0	0	0	0	0	0	0	0	
12/30/2014 2:19:15 PM	0	0	8	15.24	15.38	0	340	1331	4.091	4.0973	0	0	False	-0.25	-0.2516667	-0.2433333	0.25	0	0.0889	32.706	32.716	-1	0.046	4.091	4.091	4.091	4.091	4.091	4.091	4.091	4.091	0	0	0	0	0	0	0	0	0	0	0	0	0	0	0	0	0	0	0	0	0	0	0	0	0	0	0	0	0	0	0	0	0	0	0	0	0	0	0	0	0	0	0	
12/30/2014 2:19:25 PM	0	0	8	15.24	15.38	0	346	1341	4.091	4.0973	0	0	False	-0.2483333	-0.25	-0.2483333	0.25	0	0.0896	32.706	32.715	-1	0.046	4.091	4.091	4.091	4.091	4.091	4.091	4.091	4.091	0	0	0	0	0	0	0	0	0	0	0	0	0	0	0	0	0	0	0	0	0	0	0	0	0	0	0	0	0	0	0	0	0	0	0	0	0	0	0	0	0	0	0	
12/30/2014 2:19:35 PM	0	0	8	15.24	15.38	0	340	1351	4.09	4.0967	0	0	False	-0.255	-0.255	-0.2483333	0.25	0	0.0903	32.694	32.713	-1	0.046	4.09	4.09	4.09	4.09	4.09	4.09	4.09	4.09	0	0	0	0	0	0	0	0	0	0	0	0	0	0	0	0	0	0	0	0	0	0	0	0	0	0	0	0	0	0	0	0	0	0	0	0	0	0	0	0	0	0	0	
12/30/2014 2:19:46 PM	0	0	8	15.24	15.38	0	346	1361	4.09	4.0962	0	0	False	-0.25	-0.2516667	-0.2483333	0.25	0	0.091	32.694	32.706	-1	0.046	4.09	4.09	4.09	4.09	4.09	4.09	4.09	4.09	0	0	0	0	0	0	0	0	0	0	0	0	0	0	0	0	0	0	0	0	0	0	0	0	0	0	0	0	0	0	0	0	0	0	0	0	0	0	0	0	0	0	0	
12/30/2014 2:19:56 PM	0	0	8	15.24	15.38	0	344	1371	4.09	4.096	0	0	False	-0.2516667	-0.2533333	-0.2483333	0.25	0	0.0917	32.694	32.706	-1	0.046	4.09	4.09	4.09	4.09	4.09	4.09	4.09	4.09	0	0	0	0	0	0	0	0	0	0	0	0	0	0	0	0	0	0	0	0	0	0	0	0	0	0	0	0	0	0	0	0	0	0	0	0	0	0	0	0	0	0	0	
12/30/2014 2:20:06 PM	0	0	8	15.24	15.38	0	344	1381	4.09	4.096	0	0	False	-0.2483333	-0.2516667	-0.2533333	0.25	0	0.0924	32.694	32.705	-1	0.046	4.09	4.09	4.09	4.09	4.09	4.09	4.09	4.09	0	0	0	0	0	0	0	0	0	0	0	0	0	0	0	0	0	0	0	0	0	0	0	0	0	0	0	0	0	0	0	0	0	0	0	0	0	0	0	0	0	0	0	
12/30/2014 2:20:16 PM	0	0	8	15.24	15.38	0	346	1391	4.09	4.0959	0	0	False	-0.25	-0.2483333	-0.235	0.25	0	0.0931	32.694	32.704	-1	0.046	4.09	4.09	4.09	4.09	4.09	4.09	4.09	4.09	0	0	0	0	0	0	0	0	0	0	0	0	0	0	0	0	0	0	0	0	0	0	0	0	0	0	0	0	0	0	0	0	0	0	0	0	0	0	0	0	0	0	0	
12/30/2014 2:20:26 PM	0	0	8	15.24	15.38	0	340	1402	4.089	4.0954	0	0	False	-0.2533333	-0.2533333	-0.2483333	0.25	0	0.0938	32.694	32.7	-1	0.046	4.089	4.089	4.089	4.089	4.089	4.089	4.089	4.089	0	0	0	0	0	0	0	0	0	0	0	0	0	0	0	0	0	0	0	0	0	0	0	0	0	0	0	0	0	0	0	0	0	0	0	0	0	0	0	0	0	0	0	
12/30/2014 2:20:36 PM	0	0	8	15.24	15.38	0	342	1412	4.089	4.0947	0	0	False	-0.25	-0.25	-0.2516667	0.25	0	0.0945	32.694	32.695	-1	0.034	4.089	4.089	4.089	4.089	4.089	4.089	4.089	4.089	0	0	0	0	0	0	0	0	0	0	0	0	0	0	0	0	0	0	0	0	0	0	0	0	0	0	0	0	0	0	0	0	0	0	0	0	0	0	0	0	0	0	0	
12/30/2014 2:20:46 PM	0	0	8	15.24	15.38	0	344	1422	4.089	4.0947	0	0	False	-0.2516667	-0.2516667	-0.2616667	0.25	0	0.0952	32.683	32.694	-1	0.046	4.089	4.089	4.089	4.089	4.089	4.089	4.089	4.089	0	0	0	0	0	0	0	0	0	0	0	0	0	0	0	0	0	0	0	0	0	0	0	0	0	0	0	0	0	0	0	0	0	0	0	0	0	0	0	0	0	0	0	
12/30/2014 2:20:57 PM	0	0	8	15.24	15.38	0	340	1432	4.089	4.0947	0	0	False	-0.2533333	-0.2516667	-0.2483333	0.25	0	0.0959	32.683	32.694	-1	0.046	4.089	4.089	4.089	4.089	4.089	4.089	4.089	4.089	0	0	0	0	0	0	0	0	0	0	0	0	0	0	0	0	0	0	0	0	0	0	0	0	0	0	0	0	0	0	0	0	0	0	0	0	0	0	0	0	0	0	0	
12/30/2014 2:21:07 PM	0	0	8	15.24	15.38	0	342	1442	4.088	4.0947	0	0	False	-0.2516667	-0.2516667	-0.2483333	0.25	0	0.0966	32.683	32.694	-1	0.046	4.088	4.088	4.088	4.088	4.088	4.088	4.088	4.088	0	0	0	0	0	0	0	0	0	0	0	0	0	0	0	0	0	0	0	0	0	0	0	0	0	0	0	0	0	0	0	0	0	0	0	0	0	0	0	0	0	0	0	
12/30/2014 2:21:17 PM	0	0	8	15.24	15.38	0	344	1452	4.088	4.0944	0	0	False	-0.25	-0.2516667	-0.2516667	0.25	0	0.0973	32.683	32.694	-1	0.046	4.088	4.088	4.088	4.088	4.088	4.088	4.088	4.088	0	0	0	0	0	0	0	0	0	0	0	0	0	0	0	0	0	0	0	0	0	0	0	0	0	0	0	0	0	0	0	0	0	0	0	0	0	0	0	0	0	0	0	
12/30/2014 2:21:27 PM	0	0	8	15.24	15.38	0	342	1462	4.088	4.094	0	0	False	-0.25	-0.2483333	-0.2516667	0.25	0	0.098	32.683	32.692	-1	0.057	4.088	4.088	4.088	4.088	4.088	4.088	4.088	4.088	0	0	0	0	0	0	0	0	0	0	0	0	0	0	0	0	0	0	0	0	0	0	0	0	0	0	0	0	0	0	0	0	0	0	0	0	0	0	0	0	0	0	0	
12/30/2014 2:21:37 PM	0	0	8	15.25	15.38	0	348	1472	4.088	4.0935	0	0	False	-0.25	-0.25	-0.2616667	0.25	0	0.0987	32.683	32.689	-1	0.046	4.088	4.088	4.088	4.088	4.088	4.088	4.088	4.088	0	0	0	0	0	0	0	0	0	0	0	0	0	0	0	0	0	0	0	0	0	0	0	0	0	0	0	0	0	0	0	0	0	0	0	0	0	0	0	0	0	0	0	
12/30/2014 2:21:47 PM	0	0	8	15.24	15.38	0	348	1482	4.087	4.0935	0	0	False	-0.2516667	-0.2483333	-0.2516667	0.25	0	0.0994	32.671	32.683	-1	0.046	4.087	4.087	4.087	4.087	4.087	4.087	4.087	4.087	0	0	0	0	0	0	0	0	0	0	0	0	0	0	0	0	0	0	0	0	0	0	0	0	0	0	0	0	0	0	0	0	0	0	0	0	0	0	0	0	0	0	0	
12/30/2014 2:21:57 PM	0	0	8	15.24	15.38	0	342	1492	4.087	4.0934	0	0	False	-0.2516667	-0.2516667	-0.2483333	0.25	0	0.1001	32.671	32.683	-1	0.034	4.087	4.087	4.087	4.087	4.087	4.087	4.087	4.087	0	0	0	0	0	0	0	0	0	0	0	0	0	0	0	0	0	0	0	0	0	0	0	0	0	0	0	0	0	0	0	0	0	0	0	0	0	0	0	0	0	0	0	
12/30/2014 2:22:08 PM	0	0	8	15.24	15.38	0	344	1502	4.087	4.0934	0	0	False	-0.25	-0.25	-0.2516667	0.25	0	0.1008	32.671	32.683	-1	0.046	4.087	4.087	4.087	4.087	4.087	4.087	4.087	4.087	0	0	0	0	0	0	0	0	0	0	0	0	0	0	0	0	0	0	0	0	0	0	0	0	0	0	0	0	0	0	0	0	0	0	0	0	0	0	0	0	0	0	0	
12/30/2014 2:22:18 PM	0	0	8	15.24	15.38	0	342	1512	4.087	4.0931	0	0	False	-0.2533333	-0.25	-0.2433333	0.25	0	0.1015	32.671	32.683	-1	0.046	4.087	4.087	4.087	4.087	4.087	4.087	4.087	4.087	0	0	0	0	0	0	0	0	0	0	0	0	0	0	0	0	0	0	0	0	0	0	0	0	0	0	0	0	0	0	0	0	0	0	0	0	0	0	0	0	0	0	0	
12/30/2014 2:22:28 PM	0	0	8	15.24	15.38	0	346	1523	4.087	4.0924	0	0	False	-0.2483333	-0.2483333	-0.2666667	0.25	0	0.1023	32.671	32.683	-1	0.046	4.087	4.087	4.087	4.087	4.087	4.087	4.087	4.087	0	0	0	0	0	0	0	0	0	0	0	0	0	0	0	0	0	0	0	0	0	0	0	0	0	0	0	0	0	0	0	0	0	0	0	0	0	0	0	0	0	0	0	
12/30/2014 2:22:38 PM	0	0	8	15.24	15.38	0	344	1533	4.086	4.0922	0	0	False	-0.25	-0.2516667	-0.2533333	0.25	0	0.103	32.671	32.681	-1	0.046	4.086	4.086	4.086	4.086	4.086	4.086	4.086	4.086	0	0	0	0	0	0	0	0	0	0	0	0	0	0	0	0	0	0	0	0	0	0	0	0	0	0	0	0	0	0	0	0	0	0	0	0	0	0	0	0	0	0	0	
12/30/2014 2:22:48 PM	0	0	8	15.24	15.38	0	338	1543	4.086	4.0922	0	0	False	-0.2516667	-0.2533333	-0.2483333	0.25	0	0.1037	32.66	32.676	-1	0.046	4.086	4.086	4.086	4.086	4.086	4.086	4.086	4.086	0	0	0	0	0	0	0	0	0	0	0	0	0	0	0	0	0	0	0	0	0	0	0	0	0	0	0	0	0	0	0	0	0	0	0	0	0	0	0	0	0	0	0	
12/30/2014 2:22:58 PM	0	0	8	15.24	15.38	0	340	1553	4.086	4.0922	0	0	False	-0.25	-0.2516667	-0.235	0.25	0	0.1044	32.671	32.671	-1	0.046	4.086	4.086	4.086	4.086	4.086	4.086	4.086	4.086	0	0	0	0	0	0	0	0	0	0	0	0	0	0	0	0	0	0	0	0	0	0	0	0	0	0	0	0	0	0	0	0	0	0	0	0	0	0	0	0	0	0	0	
12/30/2014 2:23:08 PM	0	0	8	15.24	15.38	0	342	1563	4.086	4.0922	0	0	False	-0.25	-0.25	-0.2533333	0.25	0	0.1051	32.66	32.671	-1	0.046	4.086	4.086	4.086	4.086	4.086	4.086	4.086	4.086	0	0	0	0	0	0	0	0	0	0	0	0	0	0	0	0	0	0	0	0	0	0	0	0	0	0	0	0	0	0	0	0	0	0	0	0	0	0	0	0	0	0	0	
12/30/2014 2:23:19 PM	0	0	8	15.24	15.38	0	346	1573	4.086	4.092	0	0	False	-0.2483333	-0.2483333	-0.2433333	0.25	0	0.1058	32.66	32.671	-1	0.046	4.086	4.086	4.086	4.086	4.086	4.086	4.086	4.086	0	0	0	0	0	0	0	0	0	0	0	0	0	0	0	0	0	0	0	0	0	0	0	0	0	0	0	0	0	0	0	0	0	0	0	0	0	0	0	0	0	0	0	
12/30/2014 2:23:29 PM	0	0	8	15.24	15.38	0	344	1583	4.085	4.0913	0	0	False	-0.2533333	-0.2533333	-0.2483333	0.25	0	0.1065	32.66	32.671	-1	0.046	4.085	4.085	4.085	4.085	4.085	4.085	4.085	4.085	0	0	0	0	0	0	0	0	0	0	0	0	0	0	0	0	0	0	0	0	0	0	0	0	0	0	0	0	0	0	0	0	0	0	0	0	0	0	0	0	0	0	0	
12/30/2014 2:23:39 PM	0	0	8	15.24	15.38	0	346	1593	4.085	4.091	0	0	False	-0.2516667	-0.2483333	-0.2483333	0.25	0	0.1072	32.66	32.671	-1	0.046	4.085	4.085	4.085	4.085	4.085	4.085	4.085	4.085	0	0	0	0	0	0	0	0	0	0	0	0	0	0	0	0	0	0	0	0	0	0	0	0	0	0	0	0	0	0	0	0	0	0	0	0	0	0	0	0	0	0	0	
12/30/2014 2:23:49 PM	0	0	8	15.24	15.38	0	344	1603	4.085	4.091	0	0	False	-0.25	-0.2516667	-0.2533333	0.25	0	0.1079	32.66	32.668	-1	0.046	4.085	4.085	4.085	4.085	4.085	4.085	4.085	4.085	0	0	0	0	0	0	0	0	0	0	0	0	0	0	0	0	0	0	0	0	0	0	0	0	0	0	0	0	0	0	0	0	0	0	0	0	0	0	0	0	0	0	0	
12/30/2014 2:23:59 PM	0	0	8	15.24	15.38	0	346	1613	4.085	4.0909	0	0	False	-0.2483333	-0.2483333	-0.2533333	0.25	0	0.1086	32.66	32.666	-1	0.046	4.085	4.085	4.085	4.085	4.085	4.085	4.085	4.085	0	0	0	0	0	0	0	0	0	0	0	0	0	0	0	0	0	0	0	0	0	0	0	0	0	0	0	0	0	0	0	0	0	0	0	0	0	0	0	0	0	0	0	
12/30/2014 2:24:09 PM	0	0	8	15.25	15.38	0	346	1623	4.085	4.0905	0	0	False	-0.25	-0.2483333	-0.2433333	0.25	0	0.1093	32.66	32.66	-1	0.046	4.085	4.085	4.085	4.085	4.085	4.085	4.085	4.085	0	0	0	0	0	0	0	0	0	0	0	0	0	0	0	0	0	0	0	0	0	0	0	0	0	0	0	0	0	0	0	0	0	0	0	0	0	0	0	0	0	0	0	
12/30/2014 2:24:20 PM	0	0	8	15.24	15.38	0	344	1633	4.084	4.0898	0	0	False	-0.2516667	-0.2516667	-0.2483333	0.25	0	0.11	32.648	32.66	-1	0.046	4.084	4.084	4.084	4.084	4.084	4.084	4.084	4.084	0	0	0	0	0	0	0	0	0	0	0	0	0	0	0	0	0	0	0	0	0	0	0	0	0	0	0	0	0	0	0	0	0	0	0	0	0	0	0	0	0	0	0	
12/30/2014 2:24:30 PM	0	0	8	15.24	15.38	0	342	1644	4.084	4.0897	0	0	False	-0.2516667	-0.2516667	-0.2516667	0.25	0	0.1107	32.648	32.66	-1	0.046	4.084	4.084	4.084	4.084	4.084	4.084	4.084	4.084	0	0	0	0	0	0	0	0	0	0	0	0	0	0	0	0	0	0	0	0	0	0	0	0	0	0	0	0	0	0	0	0	0	0	0	0	0	0	0	0	0	0	0	
12/30/2014 2:24:40 PM	0	0	8	15.25	15.38	0	344	1654	4.084	4.0897	0	0	False	-0.25	-0.25	-0.2483333	0.25	0	0.1114	32.648	32.66	-1	0.046	4.084	4.084	4.084	4.084	4.084	4.084	4.084	4.084	0	0	0	0	0	0	0	0	0	0	0	0	0	0	0	0	0	0	0	0	0	0	0	0	0	0	0	0	0	0	0	0	0	0	0	0	0	0	0	0	0	0	0	
12/30/2014 2:24:50 PM	0	0	8	15.24	15.38	0	348	1664	4.084	4.0897	0	0	False	-0.2483333	-0.2483333	-0.2433333	0.25	0	0.1121	32.648	32.66	-1	0.046	4.084	4.084	4.084	4.084	4.084	4.084	4.084	4.084	0	0	0	0	0	0	0	0	0	0	0	0	0	0	0	0	0	0	0	0	0	0	0	0	0	0	0	0	0	0	0	0	0	0	0	0	0	0	0	0	0	0	0	
12/30/2014 2:25:00 PM	0	0	8	15.24	15.38	0	346	1674	4.084	4.0896	0	0	False	-0.2516667	-0.25	-0.2483333	0.25	0	0.1128	32.648	32.659	-1	0.046	4.084	4.084	4.084	4.084	4.084	4.084	4.084	4.084	0	0	0	0	0	0	0	0	0	0	0	0	0	0	0	0	0	0	0	0	0	0	0	0	0	0	0	0	0	0	0	0	0	0	0	0	0	0	0	0	0	0	0	
12/30/2014 2:25:10 PM	0	0	8	15.25	15.38	0	344	1684	4.083	4.0894	0	0	False	-0.25	-0.2516667	-0.2516667	0.25	0	0.1135	32.648	32.658	-1	0.057	4.083	4.083	4.083	4.083	4.083	4.083	4.083	4.083	0	0	0	0	0	0	0	0	0	0	0	0	0	0	0	0	0	0	0	0	0	0	0	0	0	0	0	0	0	0	0	0	0	0	0	0	0	0	0	0	0	0	0	
12/30/2014 2:25:20 PM	0	0	8	15.24	15.38	0	346	1694	4.083	4.0887	0	0	False	-0.25	-0.2516667	-0.2483333	0.25	0	0.1142	32.648	32.651	-1	0.057	4.083	4.083	4.083	4.083	4.083	4.083	4.083	4.083	0	0	0	0	0	0	0	0	0	0	0	0	0	0	0	0	0	0	0	0	0	0	0	0	0	0	0	0	0	0	0	0	0	0	0	0	0	0	0	0	0	0	0	
12/30/2014 2:25:31 PM	0	0	8	15.24	15.38	0	352	1704	4.083	4.0885	0	0	False	-0.2483333	-0.2483333	-0.2666667	0.25	0	0.1149	32.648	32.648	-1	0.034	4.083	4.083	4.083	4.083	4.083	4.083	4.083	4.083	0	0	0	0	0	0	0	0	0	0	0	0	0	0	0	0	0	0	0	0	0	0	0	0	0	0	0	0	0	0	0	0	0	0	0	0	0	0	0	0	0	0	0	
12/30/2014 2:25:41 PM	0	0	8	15.24	15.38	0	340	1714	4.083	4.0885	0	0	False	-0.2516667	-0.2533333	-0.2433333	0.25	0	0.1156	32.637	32.648	-1	0.046	4.083	4.083	4.083	4.083	4.083	4.083	4.083	4.083	0	0	0	0	0	0	0	0	0	0	0	0	0	0	0	0	0	0	0	0	0	0	0	0	0	0	0	0	0	0	0	0	0	0	0	0	0	0	0	0	0	0	0	
12/30/2014 2:25:51 PM	0	0	8	15.25	15.38	0	346	1724	4.083	4.0884	0	0	False	-0.2516667	-0.2483333	-0.2483333	0.25	0	0.1163	32.637	32.648	-1	0.046	4.083	4.083	4.083	4.083	4.083	4.083	4.083	4.083	0	0	0	0	0	0	0	0	0	0	0	0	0	0	0	0	0	0	0	0	0	0	0	0	0	0	0	0	0	0	0	0	0	0	0	0	0	0	0	0	0	0	0	
12/30/2014 2:26:01 PM	0	0	8	15.24	15.38	0	342	1732	4.083	4.0881	0	0	False	-0.25	-0.25	-0.2516667	0.25	0	0.1169	32.637	32.648	-1	0.046	4.083	4.083	4.083	4.083	4.083	4.083	4.083	4.083	0	0	0	0	0	0	0	0	0	0	0	0	0	0	0	0	0	0	0	0	0	0	0	0	0	0	0	0	0	0	0	0	0	0	0	0	0	0	0	0	0	0	0	
12/30/2014 2:26:11 PM	0	0	8	15.24	15.38	0	342	1744	4.082	4.0882	0	0	False	-0.25	-0.25	-0.2433333	0.25	0	0.1177	32.637	32.648	-1	0.046	4.082	4.082	4.082	4.082	4.082	4.082	4.082	4.082	0	0	0	0	0	0	0	0	0	0	0	0	0	0	0	0	0	0	0	0	0	0	0	0	0	0	0	0	0	0	0	0	0	0	0	0	0	0	0	0	0	0	0	
12/30/2014 2:26:21 PM	0	0	8	15.24	15.38	0	338	1755	4.082	4.088	0	0	False	-0.2533333	-0.255	-0.2516667	0.25	0	0.1185	32.637	32.646	-1	0.034	4.082	4.082	4.082	4.082	4.082	4.082	4.082	4.082	0	0	0	0	0	0	0	0	0	0	0	0	0	0	0	0	0	0	0	0	0	0	0	0	0	0	0	0	0	0	0	0	0	0	0	0	0	0	0	0	0	0	0	
12/30/2014 2:26:31 PM	0	0	8	15.24	15.38	0	348	1765	4.082	4.0872	0	0	False	-0.2483333	-0.25	-0.2533333	0.25	0	0.1192	32.637	32.64	-1	0.046	4.082	4.082	4.082	4.082	4.082	4.082	4.082	4.082	0	0	0	0	0	0	0	0	0	0	0	0	0	0	0	0	0	0	0	0	0	0	0	0	0	0	0	0	0	0	0	0	0	0	0	0	0	0	0	0	0	0	0	
12/30/2014 2:26:42 PM	0	0	8	15.24	15.38	0	346	1775	4.082	4.0872	0	0	False	-0.25	-0.25	-0.2533333	0.25	0	0.1199	32.625	32.637	-1	0.046	4.082	4.082	4.082	4.082	4.082	4.082	4.082	4.082	0	0	0	0	0	0	0	0	0	0	0	0	0	0	0	0	0	0	0	0	0	0	0	0	0	0	0	0	0	0	0	0	0	0	0	0	0	0	0	0	0	0	0	
12/30/2014 2:26:52 PM	0	0	8	15.24	15.38	0	344	1785	4.082	4.0872	0	0	False	-0.2483333	-0.25	-0.2616667	0.25	0	0.1206	32.625	32.637	-1	0.034	4.082	4.082	4.082	4.082	4.082	4.082	4.082	4.082	0	0	0	0	0	0	0	0	0	0	0	0	0	0	0	0	0	0	0	0	0	0	0	0	0	0	0	0	0	0	0	0	0	0	0	0	0	0	0	0	0	0	0	
12/30/2014 2:27:02 PM	0	0	8	15.24	15.38	0	342	1795	4.081	4.0872	0	0	False	-0.2516667	-0.25	-0.2483333	0.25	0	0.1212	32.625	32.637	-1	0.046	4.081	4.081	4.081	4.081	4.081	4.081	4.081	4.081	0	0	0	0	0	0	0	0	0	0	0	0	0	0	0	0	0	0	0	0	0	0	0	0	0	0	0	0	0	0	0	0	0	0	0	0	0	0	0	0	0	0	0	
12/30/2014 2:27:12 PM	0	0	8	15.25	15.38	0	342	1805	4.081	4.0872	0	0	False	-0.2516667	-0.2533333	-0.2433333	0.25	0	0.1219	32.637	32.637	-1	0.034	4.081	4.081	4.081	4.081	4.081	4.081	4.081	4.081	0	0	0	0	0	0	0	0	0	0	0	0	0	0	0	0	0	0	0	0	0	0	0	0	0	0	0	0	0	0	0	0	0	0	0	0	0	0	0	0	0	0	0	
12/30/2014 2:27:22 PM	0	0	8	15.24	15.38	0	344	1815	4.081	4.0872	0	0	False	-0.25	-0.2483333	-0.2483333	0.25	0	0.1226	32.625	32.637	-1	0.046	4.081	4.081	4.081	4.081	4.081	4.081	4.081	4.081	0	0	0	0	0	0	0	0	0	0	0	0	0	0	0	0	0	0	0	0	0	0	0	0	0	0	0	0	0	0	0	0	0	0	0	0	0	0	0	0	0	0	0	
12/30/2014 2:27:32 PM	0	0	8	15.24	15.38	0	342	1825	4.081	4.0866	0	0	False	-0.2516667	-0.2483333	-0.2483333	0.25	0	0.1233	32.625	32.637	-1	0.046	4.081	4.081	4.081	4.081	4.081	4.081	4.081	4.081	0	0	0	0	0	0	0	0	0	0	0	0	0	0	0	0	0	0	0	0	0	0	0	0	0	0	0	0	0	0	0	0	0	0	0	0	0	0	0	0	0	0	0	
12/30/2014 2:27:42 PM	0	0	8	15.24	15.38	0	340	1835	4.081	4.086	0	0	False	-0.2516667	-0.2516667	-0.2433333	0.25	0	0.124	32.625	32.636	-1	0.046	4.081	4.081	4.081	4.081	4.081	4.081	4.081	4.081	0	0	0	0	0	0	0	0	0	0	0	0	0	0	0	0	0	0	0	0	0	0	0	0	0	0	0	0	0	0	0	0	0	0	0	0	0	0	0	0	0	0	0	
12/30/2014 2:27:53 PM	0	0	8	15.24	15.38	0	346	1845	4.081	4.086	0	0	False	-0.2483333	-0.2483333	-0.2616667	0.25	0	0.1247	32.625	32.635	-1	0.046	4.081	4.081	4.081	4.081	4.081	4.081	4.081	4.081	0	0	0	0	0	0	0	0	0	0	0	0	0	0	0	0	0	0	0	0	0	0	0	0	0	0	0	0	0	0	0	0	0	0	0	0	0	0	0	0	0	0	0	
12/30/2014 2:28:03 PM	0	0	8	15.24	15.38	0	342	1855	4.081	4.086	0	0	False	-0.2483333	-0.2516667	-0.2533333	0.25	0	0.1254	32.625	32.629	-1	0.057	4.081	4.081	4.081	4.081	4.081	4.081	4.081	4.081	0	0	0	0	0	0	0	0	0	0	0	0	0	0	0	0	0	0	0	0	0	0	0	0	0	0	0	0	0	0	0	0	0	0	0	0	0	0	0	0	0	0	0	
12/30/2014 2:28:13 PM	0	0	8	15.24	15.38	0	344	1865	4.081	4.086	0	0	False	-0.2516667	-0.2533333	-0.2483333	0.25	0	0.1261	32.614	32.625	-1	0.046	4.081	4.081	4.081	4.081	4.081	4.081	4.081	4.081	0	0	0	0	0	0	0	0	0	0	0	0	0	0	0	0	0	0	0	0	0	0	0	0	0	0	0	0	0	0	0	0	0	0	0	0	0	0	0	0	0	0	0	
12/30/2014 2:28:23 PM	0	0	8	15.24	15.38	0	344	1876	4.08	4.086	0	0	False	-0.25	-0.2516667	-0.2616667	0.25	0	0.1269	32.614	32.625	-1	0.046	4.08	4.08	4.08	4.08	4.08	4.08	4.08	4.08	0	0	0	0	0	0	0	0	0	0	0	0	0	0	0	0	0	0	0	0	0	0	0	0	0	0	0	0	0	0	0	0	0	0	0	0	0	0	0	0	0	0	0	
12/30/2014 2:28:33 PM	0	0	8	15.24	15.38	0	344	1886	4.08	4.086	0	0	False	-0.2516667	-0.2483333	-0.2483333	0.25	0	0.1276	32.625	32.625	-1	0.046	4.08	4.08	4.08	4.08	4.08	4.08	4.08	4.08	0	0	0	0	0	0	0	0	0	0	0	0	0	0	0	0	0	0	0	0	0	0	0	0	0	0	0	0	0	0	0	0	0	0	0	0	0	0	0	0	0	0	0	
12/30/2014 2:28:43 PM	0	0	8	15.24	15.38	0	338	1896	4.08	4.0857	0	0	False	-0.2533333	-0.2533333	-0.2433333	0.25	0	0.1283	32.614	32.625	-1	0.046	4.08	4.08	4.08	4.08	4.08	4.08	4.08	4.08	0	0	0	0	0	0	0	0	0	0	0	0	0	0	0	0	0	0	0	0	0	0	0	0	0	0	0	0	0	0	0	0	0	0	0	0	0	0	0	0	0	0	0	
12/30/2014 2:28:53 PM	0	0	8	15.24	15.38	0	338	1906	4.08	4.085	0	0	False	-0.2516667	-0.2516667	-0.2483333	0.25	0	0.129	32.614	32.625	-1	0.046	4.08	4.08	4.08	4.08	4.08	4.08	4.08	4.08	0	0	0	0	0	0	0	0	0	0	0	0	0	0	0	0	0	0	0	0	0	0	0	0	0	0	0	0	0	0	0	0	0	0	0	0	0	0	0	0	0	0	0	
12/30/2014 2:29:04 PM	0	0	8	15.24	15.38	0	340	1916	4.079	4.0847	0	0	False	-0.2516667	-0.2516667	-0.2433333	0.25	0	0.1297	32.614	32.624	-1	0.057	4.079	4.079	4.079	4.079	4.079	4.079	4.079	4.079	0	0	0	0	0	0	0	0	0	0	0	0	0	0	0	0	0	0	0	0	0	0	0	0	0	0	0	0	0	0	0	0	0	0	0	0	0	0	0	0	0	0	0	
12/30/2014 2:29:14 PM	0	0	8	15.24	15.38	0	342	1926	4.079	4.0847	0	0	False	-0.2516667	-0.25	-0.235	0.25	0	0.1304	32.614	32.623	-1	0.046	4.079	4.079	4.079	4.079	4.079	4.079	4.079	4.079	0	0	0	0	0	0	0	0	0	0	0	0	0	0	0	0	0	0	0	0	0	0	0	0	0	0	0	0	0	0	0	0	0	0	0	0	0	0	0	0	0	0	0	
12/30/2014 2:29:24 PM	0	0	8	15.24	15.38	0	344	1936	4.079	4.0847	0	0	False	-0.2516667	-0.2533333	-0.2666667	0.25	0	0.1311	32.614	32.618	-1	0.046	4.079	4.079	4.079	4.079	4.079	4.079	4.079	4.079	0	0	0	0	0	0	0	0	0	0	0	0	0	0	0	0	0	0	0	0	0	0	0	0	0	0	0	0	0	0	0	0	0	0	0	0	0	0	0	0	0	0	0	
12/30/2014 2:29:34 PM	0	0	8	15.24	15.38	0	340	1946	4.079	4.0847	0	0	False	-0.2483333	-0.25	-0.2483333	0.25	0	0.1318	32.603	32.615	-1	0.057	4.079	4.079	4.079	4.079	4.079	4.079	4.079	4.079	0	0	0	0	0	0	0	0	0	0	0	0	0	0	0	0	0	0	0	0	0	0	0	0	0	0	0	0	0	0	0	0	0	0	0	0	0	0	0	0	0	0	0	
12/30/2014 2:29:44 PM	0	0	8	15.24	15.38	0	342	1956	4.079	4.0847	0	0	False	-0.2483333	-0.2516667	-0.2666667	0.25	0	0.1325	32.603	32.614	-1	0.046	4.079	4.079	4.079	4.079	4.079	4.079	4.079	4.079	0	0	0	0	0	0	0	0	0	0	0	0	0	0	0	0	0	0	0	0	0	0	0	0	0	0	0	0	0	0	0	0	0	0	0	0	0	0	0	0	0	0	0	
12/30/2014 2:29:54 PM	0	0	8	15.25	15.38	0	340	1966	4.079	4.0847	0	0	False	-0.2516667	-0.2516667	-0.2516667	0.25	0	0.1332	32.603	32.614	-1	0.034	4.079	4.079	4.079	4.079	4.079	4.079	4.079	4.079	0	0	0	0	0	0	0	0	0	0	0	0	0	0	0	0	0	0	0	0	0	0	0	0	0	0	0	0	0	0	0	0	0	0	0	0	0	0	0	0	0	0	0	
12/30/2014 2:30:04 PM	0	0	8	15.24	15.38	0	338	1976	4.079	4.0847	0	0	False	-0.2516667	-0.25	-0.2483333	0.25	0	0.1339	32.614	32.614	-1	0.046	4.079	4.079	4.079	4.079	4.079	4.079	4.079	4.079	0	0	0	0	0	0	0	0	0	0	0	0	0	0	0	0	0	0	0	0	0	0	0	0	0	0	0	0	0	0	0	0	0	0	0	0	0	0	0	0	0	0	0	
12/30/2014 2:30:15 PM	0	0	8	15.24	15.38	0	344	1986	4.078	4.0844	0	0	False	-0.25	-0.25	-0.2433333	0.25	0	0.1346	32.614	32.614	-1	0.034	4.078	4.078	4.078	4.078	4.078	4.078	4.078	4.078	0	0	0	0	0	0	0	0	0	0	0	0	0	0	0	0	0	0	0	0	0	0	0	0	0	0	0	0	0	0	0	0	0	0	0	0	0	0	0	0	0	0	0	
12/30/2014 2:30:25 PM	0	0	8	15.24	15.38	0	344	1997	4.078	4.0835	0	0	False	-0.2516667	-0.25	-0.2433333	0.25	0	0.1353	32.603	32.613	-1	0.046	4.078	4.078	4.078	4.078	4.078	4.078	4.078	4.078	0	0	0	0	0	0	0	0	0	0	0	0	0	0	0	0	0	0	0	0	0	0	0	0	0	0	0	0	0	0	0	0	0	0	0	0	0	0	0	0	0	0	0	
12/30/2014 2:30:35 PM	0	0	8	15.24	15.38	0	338	2007	4.078	4.0835	0	0	False	-0.2516667	-0.25	-0.2533333	0.25	0	0.136	32.603	32.613	-1	0.046	4.078	4.078	4.078	4.078	4.078	4.078	4.078	4.078	0	0	0	0	0	0	0	0	0	0	0	0	0	0	0	0	0	0	0	0	0	0	0	0	0	0	0	0	0	0	0	0	0	0	0	0	0	0	0	0	0	0	0	
12/30/2014 2:30:45 PM	0	0	8	15.24	15.38	0	344	2017	4.078	4.0835	0	0	False	-0.2516667	-0.2483333	-0.2483333	0.25	0	0.1367	32.603	32.613	-1	0.046	4.078	4.078	4.078	4.078	4.078	4.078	4.078	4.078	0	0	0	0	0	0	0	0	0	0	0	0	0	0	0	0	0	0	0	0	0	0	0	0	0	0	0	0	0	0	0	0	0	0	0	0	0	0	0	0	0	0	0	
12/30/2014 2:30:55 PM	0	0	8	15.24	15.38	0	344	2025	4.078	4.0835	0	0	False	-0.2483333	-0.25	-0.2533333	0.25	0	0.1373	32.603	32.612	-1	0.046	4.078	4.078	4.078	4.078	4.078	4.078	4.078	4.078	0	0	0	0	0	0	0	0	0	0	0	0	0	0	0	0	0	0	0	0	0	0	0	0	0	0	0	0	0	0	0	0	0	0	0	0	0	0	0	0	0	0	0	
12/30/2014 2:31:05 PM	0	0	8	15.24	15.38	0	344	2037	4.078	4.0835	0	0	False	-0.2483333	-0.25	-0.2483333	0.25	0	0.1381	32.591	32.609	-1	0.057	4.078	4.078	4.078	4.078	4.078	4.078	4.078	4.078	0	0	0	0	0	0	0	0	0	0	0	0	0	0	0	0	0	0	0	0	0	0	0	0	0	0	0	0	0	0	0	0	0	0	0	0	0	0	0	0	0	0	0	
12/30/2014 2:31:15 PM	0	0	8	15.24	15.38	0	344	2047	4.078	4.0833	0	0	False	-0.2516667	-0.2516667	-0.2483333	0.25	0	0.1388	32.603	32.603	-1	0.057	4.078	4.078	4.078	4.078	4.078	4.078	4.078	4.078	0	0	0	0	0	0	0	0	0	0	0	0	0	0	0	0	0	0	0	0	0	0	0	0	0	0	0	0	0	0	0	0	0	0	0	0	0	0	0	0	0	0	0	
12/30/2014 2:31:26 PM	0	0	8	15.24	15.38	0	342	2057	4.078	4.0833	0	0	False	-0.2516667	-0.2516667	-0.2433333	0.25	0	0.1395	32.591	32.603	-1	0.046	4.078	4.078	4.078	4.078	4.078	4.078	4.078	4.078	0	0	0	0	0	0	0	0	0	0	0	0	0	0	0	0	0	0	0	0	0	0	0	0	0	0	0	0	0	0	0	0	0	0	0	0	0	0	0	0	0	0	0	
12/30/2014 2:31:36 PM	0	0	8	15.24	15.38	0	344	2067	4.077	4.0826	0	0	False	-0.2483333	-0.2483333	-0.2533333	0.25	0	0.1402	32.603	32.603	-1	0.046	4.077	4.077	4.077	4.077	4.077	4.077	4.077	4.077	0	0	0	0	0	0	0	0	0	0	0	0	0	0	0	0	0	0	0	0	0	0	0	0	0	0	0	0	0	0	0	0	0	0	0	0	0	0	0	0	0	0	0	
12/30/2014 2:31:46 PM	0	0	8	15.24	15.38	0	346	2077	4.077	4.0822	0	0	False	-0.2483333	-0.2516667	-0.2533333	0.25	0	0.1409	32.591	32.603	-1	0.046	4.077	4.077	4.077	4.077	4.077	4.077	4.077	4.077	0	0	0	0	0	0	0	0	0	0	0	0	0	0	0	0	0	0	0	0	0	0	0	0	0	0	0	0	0	0	0	0	0	0	0	0	0	0	0	0	0	0	0	
12/30/2014 2:31:56 PM	0	0	8	15.24	15.38	0	344	2087	4.077	4.0822	0	0	False	-0.2516667	-0.2483333	-0.2533333	0.25	0	0.1416	32.591	32.603	-1	0.046	4.077	4.077	4.077	4.077	4.077	4.077	4.077	4.077	0	0	0	0	0	0	0	0	0	0	0	0	0	0	0	0	0	0	0	0	0	0	0	0	0	0	0	0	0	0	0	0	0	0	0	0	0	0	0	0	0	0	0	
12/30/2014 2:32:06 PM	0	0	8	15.24	15.38	0	344	2097	4.077	4.0822	0	0	False	-0.25	-0.25	-0.2533333	0.25	0	0.1423	32.591	32.603	-1	0.046	4.077	4.077	4.077	4.077	4.077	4.077	4.077	4.077	0	0	0	0	0	0	0	0	0	0	0	0	0	0	0	0	0	0	0	0	0	0	0	0	0	0	0	0	0	0	0	0	0	0	0	0	0	0	0	0	0	0	0	
12/30/2014 2:32:16 PM	0	0	8	15.24	15.38	0	338	2107	4.077	4.0822	0	0	False	-0.2533333	-0.2533333	-0.2433333	0.25	0	0.143	32.591	32.603	-1	0.046	4.077	4.077	4.077	4.077	4.077	4.077	4.077	4.077	0	0	0	0	0	0	0	0	0	0	0	0	0	0	0	0	0	0	0	0	0	0	0	0	0	0	0	0	0	0	0	0	0	0	0	0	0	0	0	0	0	0	0	
12/30/2014 2:32:26 PM	0	0	8	15.24	15.38	0	348	2118	4.077	4.0822	0	0	False	-0.25	-0.2483333	-0.2616667	0.25	0	0.1438	32.591	32.602	-1	0.046	4.077	4.077	4.077	4.077	4.077	4.077	4.077	4.077	0	0	0	0	0	0	0	0	0	0	0	0	0	0	0	0	0	0	0	0	0	0	0	0	0	0	0	0	0	0	0	0	0	0	0	0	0	0	0	0	0	0	0	
12/30/2014 2:32:37 PM	0	0	8	15.24	15.38	0	342	2128	4.077	4.0822	0	0	False	-0.25	-0.25	-0.2483333	0.25	0	0.1445	32.591	32.599	-1	0.046	4.077	4.077	4.077	4.077	4.077	4.077	4.077	4.077	0	0	0	0	0	0	0	0	0	0	0	0	0	0	0	0	0	0	0	0	0	0	0	0	0	0	0	0	0	0	0	0	0	0	0	0	0	0	0	0	0	0	0	
12/30/2014 2:32:47 PM	0	0	8	15.24	15.38	0	344	2138	4.076	4.0819	0	0	False	-0.25	-0.25	-0.2616667	0.25	0	0.1452	32.591	32.596	-1	0.046	4.076	4.076	4.076	4.076	4.076	4.076	4.076	4.076	0	0	0	0	0	0	0	0	0	0	0	0	0	0	0	0	0	0	0	0	0	0	0	0	0	0	0	0	0	0	0	0	0	0	0	0	0	0	0	0	0	0	0	
12/30/2014 2:32:57 PM	0	0	8	15.24	15.38	0	340	2148	4.076	4.0817	0	0	False	-0.2533333	-0.2516667	-0.2483333	0.25	0	0.1458	32.591	32.591	-1	0.046	4.076	4.076	4.076	4.076	4.076	4.076	4.076	4.076	0	0	0	0	0	0	0	0	0	0	0	0	0	0	0	0	0	0	0	0	0	0	0	0	0	0	0	0	0	0	0	0	0	0	0	0	0	0	0	0	0	0	0	
12/30/2014 2:33:07 PM	0	0	8	15.24	15.38	0	346	2158	4.076	4.0814	0	0	False	-0.2483333	-0.25	-0.2483333	0.25	0	0.1465	32.591	32.591	-1	0.057	4.076	4.076	4.076	4.076	4.076	4.076	4.076	4.076	0	0	0	0	0	0	0	0	0	0	0	0	0	0	0	0	0	0	0	0	0	0	0	0	0	0	0	0	0	0	0	0	0	0	0	0	0	0	0	0	0	0	0	
12/30/2014 2:33:17 PM	0	0	8	15.24	15.38	0	340	2168	4.076	4.081	0	0	False	-0.25	-0.25	-0.2483333	0.25	0	0.1473	32.591	32.591	-1	0.046	4.076	4.076	4.076	4.076	4.076	4.076	4.076	4.076	0	0	0	0	0	0	0	0	0	0	0	0	0	0	0	0	0	0	0	0	0	0	0	0	0	0	0	0	0	0	0	0	0	0	0	0	0	0	0	0	0	0	0	
12/30/2014 2:33:27 PM	0	0	8	15.24	15.38	0	342	2178	4.076	4.081	0	0	False	-0.2516667	-0.2516667	-0.2433333	0.25	0	0.148	32.58	32.591	-1	0.046	4.076	4.076	4.076	4.076	4.076	4.076	4.076	4.076	0	0	0	0	0	0	0	0	0	0	0	0	0	0	0	0	0	0	0	0	0	0	0	0	0	0	0	0	0	0	0	0	0	0	0	0	0	0	0	0	0	0	0	
12/30/2014 2:33:38 PM	0	0	8	15.24	15.38	0	346	2188	4.076	4.081	0	0	False	-0.25	-0.2483333	-0.2616667	0.25	0	0.1486	32.591	32.591	-1	0.046	4.076	4.076	4.076	4.076	4.076	4.076	4.076	4.076	0	0	0	0	0	0	0	0	0	0	0	0	0	0	0	0	0	0	0	0	0	0	0	0	0	0	0	0	0	0	0	0	0	0	0	0	0	0	0	0	0	0	0	
12/30/2014 2:33:48 PM	0	0	8	15.25	15.38	0	344	2198	4.076	4.081	0	0	False	-0.2533333	-0.25	-0.2483333	0.25	0	0.1493	32.58	32.591	-1	0.034	4.076	4.076	4.076	4.076	4.076	4.076	4.076	4.076	0	0	0	0	0	0	0	0	0	0	0	0	0	0	0	0	0	0	0	0	0	0	0	0	0	0	0	0	0	0	0	0	0	0	0	0	0	0	0	0	0	0	0	
12/30/2014 2:33:58 PM	0	0	8	15.24	15.38	0	342	2208	4.076	4.081	0	0	False	-0.2533333	-0.25	-0.2483333	0.25	0	0.15	32.58	32.591	-1	0.046	4.076	4.076	4.076	4.076	4.076	4.076	4.076	4.076	0	0	0	0	0	0	0	0	0	0	0	0	0	0	0	0	0	0	0	0	0	0	0	0	0	0	0	0	0	0	0	0	0	0	0	0	0	0	0	0	0	0	0	
12/30/2014 2:34:08 PM	0	0	8	15.24	15.38	0	348	2218	4.076	4.081	0	0	False	-0.2483333	-0.2483333	-0.2483333	0.25	0	0.1507	32.58	32.59	-1	0.057	4.076	4.076	4.076	4.076	4.076	4.076	4.076	4.076	0	0	0	0	0	0	0	0	0	0	0	0	0	0	0	0	0	0	0	0	0	0	0	0	0	0	0	0	0	0	0	0	0	0	0	0	0	0	0	0	0	0	0	
12/30/2014 2:34:18 PM	0	0	8	15.24	15.38	0	342	2228	4.075	4.0809	0	0	False	-0.2516667	-0.2516667	-0.2516667	0.25	0	0.1514	32.58	32.59	-1	0.046	4.075	4.075	4.075	4.075	4.075	4.075	4.075	4.075	0	0	0	0	0	0	0	0	0	0	0	0	0	0	0	0	0	0	0	0	0	0	0	0	0	0	0	0	0	0	0	0	0	0	0	0	0	0	0	0	0	0	0	
12/30/2014 2:34:28 PM	0	0	8	15.24	15.38	0	342	2239	4.075	4.0808	0	0	False	-0.2516667	-0.25	-0.2433333	0.25	0	0.1522	32.58	32.591	-1	0.046	4.075	4.075	4.075	4.075	4.075	4.075	4.075	4.075	0	0	0	0	0	0	0	0	0	0	0	0	0	0	0	0	0	0	0	0	0	0	0	0	0	0	0	0	0	0	0	0	0	0	0	0	0	0	0	0	0	0	0	
12/30/2014 2:34:38 PM	0	0	8	15.24	15.38	0	340	2249	4.075	4.0804	0	0	False	-0.2516667	-0.25	-0.2483333	0.25	0	0.1529	32.58	32.589	-1	0.046	4.075	4.075	4.075	4.075	4.075	4.075	4.075	4.075	0	0	0	0	0	0	0	0	0	0	0	0	0	0	0	0	0	0	0	0	0	0	0	0	0	0	0	0	0	0	0	0	0	0	0	0	0	0	0	0	0	0	0	
12/30/2014 2:34:49 PM	0	0	8	15.24	15.38	0	342	2259	4.075	4.0797	0	0	False	-0.2516667	-0.2516667	-0.2533333	0.25	0	0.1536	32.58	32.587	-1	0.057	4.075	4.075	4.075	4.075	4.075	4.075	4.075	4.075	0	0	0	0	0	0	0	0	0	0	0	0	0	0	0	0	0	0	0	0	0	0	0	0	0	0	0	0	0	0	0	0	0	0	0	0	0	0	0	0	0	0	0	
12/30/2014 2:34:59 PM	0	0	8	15.24	15.38	0	340	2269	4.075	4.0797	0	0	False	-0.25	-0.2533333	-0.2483333	0.25	0	0.1543	32.58	32.58	-1	0.046	4.075	4.075	4.075	4.075	4.075	4.075	4.075	4.075	0	0	0	0	0	0	0	0	0	0	0	0	0	0	0	0	0	0	0	0	0	0	0	0	0	0	0	0	0	0	0	0	0	0	0	0	0	0	0	0	0	0	0	
12/30/2014 2:35:09 PM	0	0	8	15.24	15.38	0	346	2279	4.075	4.0797	0	0	False	-0.25	-0.2483333	-0.235	0.25	0	0.155	32.568	32.58	-1	0.057	4.075	4.075	4.075	4.075	4.075	4.075	4.075	4.075	0	0	0	0	0	0	0	0	0	0	0	0	0	0	0	0	0	0	0	0	0	0	0	0	0	0	0	0	0	0	0	0	0	0	0	0	0	0	0	0	0	0	0	
12/30/2014 2:35:19 PM	0	0	8	15.24	15.38	0	342	2289	4.075	4.0797	0	0	False	-0.2516667	-0.2483333	-0.2433333	0.25	0	0.1557	32.58	32.58	-1	0.034	4.075	4.075	4.075	4.075	4.075	4.075	4.075	4.075	0	0	0	0	0	0	0	0	0	0	0	0	0	0	0	0	0	0	0	0	0	0	0	0	0	0	0	0	0	0	0	0	0	0	0	0	0	0	0	0	0	0	0	
12/30/2014 2:35:29 PM	0	0	8	15.24	15.38	0	340	2299	4.074	4.0797	0	0	False	-0.2516667	-0.2516667	-0.2533333	0.25	0	0.1564	32.58	32.58	-1	0.046	4.074	4.074	4.074	4.074	4.074	4.074	4.074	4.074	0	0	0	0	0	0	0	0	0	0	0	0	0	0	0	0	0	0	0	0	0	0	0	0	0	0	0	0	0	0	0	0	0	0	0	0	0	0	0	0	0	0	0	
12/30/2014 2:35:39 PM	0	0	8	15.24	15.38	0	350	2309	4.074	4.0797	0	0	False	-0.2483333	-0.2483333	-0.2616667	0.25	0	0.1571	32.568	32.58	-1	0.046	4.074	4.074	4.074	4.074	4.074	4.074	4.074	4.074	0	0	0	0	0	0	0	0	0	0	0	0	0	0	0	0	0	0	0	0	0	0	0	0	0	0	0	0	0	0	0	0	0	0	0	0	0	0	0	0	0	0	0	
12/30/2014 2:35:49 PM	0	0	8	15.24	15.38	0	340	2319	4.074	4.0797	0	0	False	-0.2533333	-0.2516667	-0.2483333	0.25	0	0.1578	32.568	32.58	-1	0.034	4.074	4.074	4.074	4.074	4.074	4.074	4.074	4.074	0	0	0	0	0	0	0	0	0	0	0	0	0	0	0	0	0	0	0	0	0	0	0	0	0	0	0	0	0	0	0	0	0	0	0	0	0	0	0	0	0	0	0	
12/30/2014 2:36:00 PM	0	0	8	15.24	15.38	0	344	2329	4.074	4.0796	0	0	False	-0.2516667	-0.2483333	-0.2433333	0.25	0	0.1585	32.568	32.58	-1	0.046	4.074	4.074	4.074	4.074	4.074	4.074	4.074	4.074	0	0	0	0	0	0	0	0	0	0	0	0	0	0	0	0	0	0	0	0	0	0	0	0	0	0	0	0	0	0	0	0	0	0	0	0	0	0	0	0	0	0	0	
12/30/2014 2:36:10 PM	0	0	8	15.24	15.38	0	342	2339	4.074	4.0793	0	0	False	-0.2483333	-0.2533333	-0.2483333	0.25	0	0.1592	32.568	32.58	-1	0.046	4.074	4.074	4.074	4.074	4.074	4.074	4.074	4.074	0	0	0	0	0	0	0	0	0	0	0	0	0	0	0	0	0	0	0	0	0	0	0	0	0	0	0	0	0	0	0	0	0	0	0	0	0	0	0	0	0	0	0	
12/30/2014 2:36:20 PM	0	0	8	15.24	15.38	0	336	2349	4.074	4.0785	0	0	False	-0.2516667	-0.2533333	-0.2483333	0.25	0	0.16	32.568	32.58	-1	0.046	4.074	4.074	4.074	4.074	4.074	4.074	4.074	4.074	0	0	0	0	0	0	0	0	0	0	0	0	0	0	0	0	0	0	0	0	0	0	0	0	0	0	0	0	0	0	0	0	0	0	0	0	0	0	0	0	0	0	0	
12/30/2014 2:36:30 PM	0	0	8	15.24	15.38	0	342	2360	4.074	4.0785	0	0	False	-0.25	-0.25	-0.2666667	0.25	0	0.1606	32.557	32.579	-1	0.046	4.074	4.074	4.074	4.074	4.074	4.074	4.074	4.074	0	0	0	0	0	0	0	0	0	0	0	0	0	0	0	0	0	0	0	0	0	0	0	0	0	0	0	0	0	0	0	0	0	0	0	0	0	0	0	0	0	0	0	
12/30/2014 2:36:40 PM	0	0	8	15.24	15.38	0	340	2370	4.074	4.0785	0	0	False	-0.25	-0.25	-0.2483333	0.25	0	0.1613	32.568	32.577	-1	0.046	4.074	4.074	4.074	4.074	4.074	4.074	4.074	4.074	0	0	0	0	0	0	0	0	0	0	0	0	0	0	0	0	0	0	0	0	0	0	0	0	0	0	0	0	0	0	0	0	0	0	0	0	0	0	0	0	0	0	0	
12/30/2014 2:36:50 PM	0	0	8	15.24	15.38	0	348	2380	4.074	4.0785	0	0	False	-0.25	-0.2483333	-0.2483333	0.25	0	0.162	32.568	32.575	-1	0.046	4.074	4.074	4.074	4.074	4.074	4.074	4.074	4.074	0	0	0	0	0	0	0	0	0	0	0	0	0	0	0	0	0	0	0	0	0	0	0	0	0	0	0	0	0	0	0	0	0	0	0	0	0	0	0	0	0	0	0	
12/30/2014 2:37:00 PM	0	0	8	15.24	15.38	0	338	2390	4.073	4.0785	0	0	False	-0.25	-0.2516667	-0.235	0.25	0	0.1627	32.568	32.57	-1	0.034	4.073	4.073	4.073	4.073	4.073	4.073	4.073	4.073	0	0	0	0	0	0	0	0	0	0	0	0	0	0	0	0	0	0	0	0	0	0	0	0	0	0	0	0	0	0	0	0	0	0	0	0	0	0	0	0	0	0	0	
12/30/2014 2:37:11 PM	0	0	8	15.24	15.38	0	340	2400	4.073	4.0785	0	0	False	-0.2516667	-0.2516667	-0.235	0.25	0	0.1634	32.557	32.568	-1	0.046	4.073	4.073	4.073	4.073	4.073	4.073	4.073	4.073	0	0	0	0	0	0	0	0	0	0	0	0	0	0	0	0	0	0	0	0	0	0	0	0	0	0	0	0	0	0	0	0	0	0	0	0	0	0	0	0	0	0	0	
12/30/2014 2:37:21 PM	0	0	8	15.24	15.38	0	342	2410	4.073	4.0785	0	0	False	-0.25	-0.2516667	-0.2483333	0.25	0	0.1641	32.568	32.568	-1	0.057	4.073	4.073	4.073	4.073	4.073	4.073	4.073	4.073	0	0	0	0	0	0	0	0	0	0	0	0	0	0	0	0	0	0	0	0	0	0	0	0	0	0	0	0	0	0	0	0	0	0	0	0	0	0	0	0	0	0	0	
12/30/2014 2:37:31 PM	0	0	8	15.24	15.38	0	340	2420	4.073	4.0785	0	0	False	-0.25	-0.2483333	-0.235	0.25	0	0.1648	32.557	32.568	-1	0.046	4.073	4.073	4.073	4.073	4.073	4.073	4.073	4.073	0	0	0	0	0	0	0	0	0	0	0	0	0	0	0	0	0	0	0	0	0	0	0	0	0	0	0	0	0	0	0	0	0	0	0	0	0	0	0	0	0	0	0	
12/30/2014 2:37:41 PM	0	0	8	15.24	15.38	0	340	2430	4.073	4.0783	0	0	False	-0.25	-0.2516667	-0.2516667	0.25	0	0.1655	32.557	32.568	-1	0.046	4.073	4.073	4.073	4.073	4.073	4.073	4.073	4.073	0	0	0	0	0	0	0	0	0	0	0	0	0	0	0	0	0	0	0	0	0	0	0	0	0	0	0	0	0	0	0	0	0	0	0	0	0	0	0	0	0	0	0	
12/30/2014 2:37:51 PM	0	0	8	15.24	15.38	0	342	2440	4.073	4.0782	0	0	False	-0.25	-0.25	-0.2433333	0.25	0	0.1662	32.557	32.568	-1	0.057	4.073	4.073	4.073	4.073	4.073	4.073	4.073	4.073	0	0	0	0	0	0	0	0	0	0	0	0	0	0	0	0	0	0	0	0	0	0	0	0	0	0	0	0	0	0	0	0	0	0	0	0	0	0	0	0	0	0	0	
12/30/2014 2:38:01 PM	0	0	8	15.24	15.38	0	344	2450	4.073	4.0779	0	0	False	-0.25	-0.25	-0.2433333	0.25	0	0.1669	32.557	32.568	-1	0.046	4.073	4.073	4.073	4.073	4.073	4.073	4.073	4.073	0	0	0	0	0	0	0	0	0	0	0	0	0	0	0	0	0	0	0	0	0	0	0	0	0	0	0	0	0	0	0	0	0	0	0	0	0	0	0	0	0	0	0	
12/30/2014 2:38:11 PM	0	0	8	15.24	15.38	0	346	2460	4.072	4.0772	0	0	False	-0.2516667	-0.2516667	-0.2433333	0.25	0	0.1676	32.557	32.568	-1	0.046	4.072	4.072	4.072	4.072	4.072	4.072	4.072	4.072	0	0	0	0	0	0	0	0	0	0	0	0	0	0	0	0	0	0	0	0	0	0	0	0	0	0	0	0	0	0	0	0	0	0	0	0	0	0	0	0	0	0	0	
12/30/2014 2:38:22 PM	0	0	8	15.24	15.38	0	346	2471	4.072	4.0772	0	0	False	-0.2533333	-0.2533333	-0.2433333	0.25	0	0.1684	32.557	32.568	-1	0.046	4.072	4.072	4.072	4.072	4.072	4.072	4.072	4.072	0	0	0	0	0	0	0	0	0	0	0	0	0	0	0	0	0	0	0	0	0	0	0	0	0	0	0	0	0	0	0	0	0	0	0	0	0	0	0	0	0	0	0	
12/30/2014 2:38:32 PM	0	0	8	15.24	15.38	0	344	2481	4.072	4.0772	0	0	False	-0.2516667	-0.2483333	-0.2433333	0.25	0	0.1691	32.557	32.568	-1	0.046	4.072	4.072	4.072	4.072	4.072	4.072	4.072	4.072	0	0	0	0	0	0	0	0	0	0	0	0	0	0	0	0	0	0	0	0	0	0	0	0	0	0	0	0	0	0	0	0	0	0	0	0	0	0	0	0	0	0	0	
12/30/2014 2:38:42 PM	0	0	8	15.24	15.38	0	346	2491	4.072	4.0772	0	0	False	-0.25	-0.2483333	-0.2483333	0.25	0	0.1698	32.557	32.568	-1	0.046	4.072	4.072	4.072	4.072	4.072	4.072	4.072	4.072	0	0	0	0	0	0	0	0	0	0	0	0	0	0	0	0	0	0	0	0	0	0	0	0	0	0	0	0	0	0	0	0	0	0	0	0	0	0	0	0	0	0	0	
12/30/2014 2:38:52 PM	0	0	8	15.24	15.38	0	344	2501	4.072	4.0772	0	0	False	-0.25	-0.2483333	-0.2433333	0.25	0	0.1705	32.557	32.566	-1	0.046	4.072	4.072	4.072	4.072	4.072	4.072	4.072	4.072	0	0	0	0	0	0	0	0	0	0	0	0	0	0	0	0	0	0	0	0	0	0	0	0	0	0	0	0	0	0	0	0	0	0	0	0	0	0	0	0	0	0	0	
12/30/2014 2:39:02 PM	0	0	8	15.24	15.38	0	342	2511	4.072	4.0772	0	0	False	-0.25	-0.2516667	-0.2533333	0.25	0	0.1712	32.557	32.565	-1	0.046	4.072	4.072	4.072	4.072	4.072	4.072	4.072	4.072	0	0	0	0	0	0	0	0	0	0	0	0	0	0	0	0	0	0	0	0	0	0	0	0	0	0	0	0	0	0	0	0	0	0	0	0	0	0	0	0	0	0	0	
12/30/2014 2:39:12 PM	0	0	8	15.24	15.38	0	350	2521	4.072	4.0772	0	0	False	-0.2466667	-0.2483333	-0.2483333	0.25	0	0.1719	32.557	32.562	-1	0.046	4.072	4.072	4.072	4.072	4.072	4.072	4.072	4.072	0	0	0	0	0	0	0	0	0	0	0	0	0	0	0	0	0	0	0	0	0	0	0	0	0	0	0	0	0	0	0	0	0	0	0	0	0	0	0	0	0	0	0	
12/30/2014 2:39:22 PM	0	0	8	15.24	15.38	0	340	2531	4.072	4.0772	0	0	False	-0.25	-0.2533333	-0.2483333	0.25	0	0.1726	32.557	32.562	-1	0.046	4.072	4.072	4.072	4.072	4.072	4.072	4.072	4.072	0	0	0	0	0	0	0	0	0	0	0	0	0	0	0	0	0	0	0	0	0	0	0	0	0	0	0	0	0	0	0	0	0	0	0	0	0	0	0	0	0	0	0	
12/30/2014 2:39:33 PM	0	0	8	15.24	15.38	0	338	2541	4.072	4.0772	0	0	False	-0.25	-0.2533333	-0.2433333	0.25	0	0.1733	32.557	32.56	-1	0.046	4.072	4.072	4.072	4.072	4.072	4.072	4.072	4.072	0	0	0	0	0	0	0	0	0	0	0	0	0	0	0	0	0	0	0	0	0	0	0	0	0	0	0	0	0	0	0	0	0	0	0	0	0	0	0	0	0	0	0	
12/30/2014 2:39:43 PM	0	0	8	15.24	15.38	0	344	2551	4.072	4.0772	0	0	False	-0.2483333	-0.2516667	-0.2483333	0.25	0	0.174	32.545	32.557	-1	0.034	4.072	4.072	4.072	4.072	4.072	4.072	4.072	4.072	0	0	0	0	0	0	0	0	0	0	0	0	0	0	0	0	0	0	0	0	0	0	0	0	0	0	0	0	0	0	0	0	0	0	0	0	0	0	0	0	0	0	0	
12/30/2014 2:39:53 PM	0	0	8	15.24	15.38	0	342	2561	4.072	4.077	0	0	False	-0.2483333	-0.25	-0.2533333	0.25	0	0.1746	32.557	32.557	-1	0.046	4.072	4.072	4.072	4.072	4.072	4.072	4.072	4.072	0	0	0	0	0	0	0	0	0	0	0	0	0	0	0	0	0	0	0	0	0	0	0	0	0	0	0	0	0	0	0	0	0	0	0	0	0	0	0	0	0	0	0	
12/30/2014 2:40:03 PM	0	0	8	15.24	15.38	0	342	2571	4.072	4.0769	0	0	False	-0.2516667	-0.2516667	-0.2433333	0.25	0	0.1754	32.545	32.557	-1	0.057	4.072	4.072	4.072	4.072	4.072	4.072	4.072	4.072	0	0	0	0	0	0	0	0	0	0	0	0	0	0	0	0	0	0	0	0	0	0	0	0	0	0	0	0	0	0	0	0	0	0	0	0	0	0	0	0	0	0	0	
12/30/2014 2:40:13 PM	0	0	8	15.24	15.38	0	344	2581	4.072	4.0769	0	0	False	-0.25	-0.25	-0.2533333	0.25	0	0.1761	32.545	32.557	-1	0.057	4.072	4.072	4.072	4.072	4.072	4.072	4.072	4.072	0	0	0	0	0	0	0	0	0	0	0	0	0	0	0	0	0	0	0	0	0	0	0	0	0	0	0	0	0	0	0	0	0	0	0	0	0	0	0	0	0	0	0	
12/30/2014 2:40:23 PM	0	0	8	15.24	15.38	0	338	2592	4.072	4.0768	0	0	False	-0.25	-0.25	-0.2483333	0.25	0	0.1768	32.545	32.557	-1	0.046	4.072	4.072	4.072	4.072	4.072	4.072	4.072	4.072	0	0	0	0	0	0	0	0	0	0	0	0	0	0	0	0	0	0	0	0	0	0	0	0	0	0	0	0	0	0	0	0	0	0	0	0	0	0	0	0	0	0	0	
12/30/2014 2:40:33 PM	0	0	8	15.24	15.38	0	344	2602	4.071	4.0766	0	0	False	-0.25	-0.25	-0.2433333	0.25	0	0.1775	32.545	32.557	-1	0.046	4.071	4.071	4.071	4.071	4.071	4.071	4.071	4.071	0	0	0	0	0	0	0	0	0	0	0	0	0	0	0	0	0	0	0	0	0	0	0	0	0	0	0	0	0	0	0	0	0	0	0	0	0	0	0	0	0	0	0	
12/30/2014 2:40:44 PM	0	0	8	15.24	15.38	0	344	2612	4.071	4.0761	0	0	False	-0.25	-0.25	-0.2483333	0.25	0	0.1782	32.545	32.557	-1	0.046	4.071	4.071	4.071	4.071	4.071	4.071	4.071	4.071	0	0	0	0	0	0	0	0	0	0	0	0	0	0	0	0	0	0	0	0	0	0	0	0	0	0	0	0	0	0	0	0	0	0	0	0	0	0	0	0	0	0	0	
12/30/2014 2:40:54 PM	0	0	8	15.24	15.38	0	342	2622	4.071	4.076	0	0	False	-0.2533333	-0.2516667	-0.2433333	0.25	0	0.1789	32.545	32.557	-1	0.057	4.071	4.071	4.071	4.071	4.071	4.071	4.071	4.071	0	0	0	0	0	0	0	0	0	0	0	0	0	0	0	0	0	0	0	0	0	0	0	0	0	0	0	0	0	0	0	0	0	0	0	0	0	0	0	0	0	0	0	
12/30/2014 2:41:04 PM	0	0	8	15.24	15.38	0	348	2632	4.071	4.076	0	0	False	-0.25	-0.2483333	-0.2433333	0.25	0	0.1796	32.545	32.557	-1	0.046	4.071	4.071	4.071	4.071	4.071	4.071	4.071	4.071	0	0	0	0	0	0	0	0	0	0	0	0	0	0	0	0	0	0	0	0	0	0	0	0	0	0	0	0	0	0	0	0	0	0	0	0	0	0	0	0	0	0	0	
12/30/2014 2:41:14 PM	0	0	8	15.24	15.38	0	342	2642	4.071	4.076	0	0	False	-0.25	-0.25	-0.2483333	0.25	0	0.1803	32.545	32.557	-1	0.046	4.071	4.071	4.071	4.071	4.071	4.071	4.071	4.071	0	0	0	0	0	0	0	0	0	0	0	0	0	0	0	0	0	0	0	0	0	0	0	0	0	0	0	0	0	0	0	0	0	0	0	0	0	0	0	0	0	0	0	
12/30/2014 2:41:24 PM	0	0	8	15.24	15.38	0	340	2652	4.071	4.076	0	0	False	-0.25	-0.2516667	-0.2483333	0.25	0	0.181	32.545	32.557	-1	0.046	4.071	4.071	4.071	4.071	4.071	4.071	4.071	4.071	0	0	0	0	0	0	0	0	0	0	0	0	0	0	0	0	0	0	0	0	0	0	0	0	0	0	0	0	0	0	0	0	0	0	0	0	0	0	0	0	0	0	0	
12/30/2014 2:41:34 PM	0	0	8	15.24	15.38	0	344	2662	4.071	4.076	0	0	False	-0.2516667	-0.25	-0.2433333	0.25	0	0.1817	32.545	32.554	-1	0.057	4.071	4.071	4.071	4.071	4.071	4.071	4.071	4.071	0	0	0	0	0	0	0	0	0	0	0	0	0	0	0	0	0	0	0	0	0	0	0	0	0	0	0	0	0	0	0	0	0	0	0	0	0	0	0	0	0	0	0	
12/30/2014 2:41:44 PM	0	0	8	15.24	15.38	0	342	2672	4.071	4.076	0	0	False	-0.2483333	-0.2516667	-0.235	0.25	0	0.1824	32.545	32.552	-1	0.046	4.071	4.071	4.071	4.071	4.071	4.071	4.071	4.071	0	0	0	0	0	0	0	0	0	0	0	0	0	0	0	0	0	0	0	0	0	0	0	0	0	0	0	0	0	0	0	0	0	0	0	0	0	0	0	0	0	0	0	
12/30/2014 2:41:55 PM	0	0	8	15.24	15.38	0	344	2682	4.071	4.076	0	0	False	-0.2483333	-0.25	-0.2483333	0.25	0	0.1831	32.545	32.548	-1	0.046	4.071	4.071	4.071	4.071	4.071	4.071	4.071	4.071	0	0	0	0	0	0	0	0	0	0	0	0	0	0	0	0	0	0	0	0	0	0	0	0	0	0	0	0	0	0	0	0	0	0	0	0	0	0	0	0	0	0	0	
12/30/2014 2:42:05 PM	0	0	8	15.24	15.38	0	346	2692	4.071	4.076	0	0	False	-0.2533333	-0.25	-0.2433333	0.25	0	0.1838	32.534	32.545	-1	0.046	4.071	4.071	4.071	4.071	4.071	4.071	4.071	4.071	0	0	0	0	0	0	0	0	0	0	0	0	0	0	0	0	0	0	0	0	0	0	0	0	0	0	0	0	0	0	0	0	0	0	0	0	0	0	0	0	0	0	0	
12/30/2014 2:42:15 PM	0	0	8	15.24	15.38	0	346	2703	4.071	4.076	0	0	False	-0.25	-0.2516667	-0.2666667	0.25	0	0.1846	32.534	32.545	-1	0.057	4.071	4.071	4.071	4.071	4.071	4.071	4.071	4.071	0	0	0	0	0	0	0	0	0	0	0	0	0	0	0	0	0	0	0	0	0	0	0	0	0	0	0	0	0	0	0	0	0	0	0	0	0	0	0	0	0	0	0	
12/30/2014 2:42:25 PM	0	0	8	15.24	15.38	0	344	2713	4.07	4.0758	0	0	False	-0.25	-0.25	-0.2433333	0.25	0	0.1853	32.534	32.545	-1	0.046	4.07	4.07	4.07	4.07	4.07	4.07	4.07	4.07	0	0	0	0	0	0	0	0	0	0	0	0	0	0	0	0	0	0	0	0	0	0	0	0	0	0	0	0	0	0	0	0	0	0	0	0	0	0	0	0	0	0	0	
12/30/2014 2:42:35 PM	0	0	8	15.24	15.38	0	350	2723	4.07	4.0755	0	0	False	-0.2516667	-0.2516667	-0.2533333	0.25	0	0.186	32.534	32.545	-1	0.046	4.07	4.07	4.07	4.07	4.07	4.07	4.07	4.07	0	0	0	0	0	0	0	0	0	0	0	0	0	0	0	0	0	0	0	0	0	0	0	0	0	0	0	0	0	0	0	0	0	0	0	0	0	0	0	0	0	0	0	
12/30/2014 2:42:45 PM	0	0	8	15.25	15.38	0	348	2733	4.07	4.0747	0	0	False	-0.2516667	-0.25	-0.2616667	0.25	0	0.1867	32.545	32.545	-1	0.046	4.07	4.07	4.07	4.07	4.07	4.07	4.07	4.07	0	0	0	0	0	0	0	0	0	0	0	0	0	0	0	0	0	0	0	0	0	0	0	0	0	0	0	0	0	0	0	0	0	0	0	0	0	0	0	0	0	0	0	
12/30/2014 2:42:55 PM	0	0	8	15.24	15.38	0	350	2743	4.07	4.0747	0	0	False	-0.2483333	-0.25	-0.2616667	0.25	0	0.1874	32.545	32.545	-1	0.034	4.07	4.07	4.07	4.07	4.07	4.07	4.07	4.07	0	0	0	0	0	0	0	0	0	0	0	0	0	0	0	0	0	0	0	0	0	0	0	0	0	0	0	0	0	0	0	0	0	0	0	0	0	0	0	0	0	0	0	
12/30/2014 2:43:06 PM	0	0	8	15.24	15.38	0	346	2753	4.07	4.0747	0	0	False	-0.2483333	-0.2483333	-0.2433333	0.25	0	0.1881	32.534	32.545	-1	0.046	4.07	4.07	4.07	4.07	4.07	4.07	4.07	4.07	0	0	0	0	0	0	0	0	0	0	0	0	0	0	0	0	0	0	0	0	0	0	0	0	0	0	0	0	0	0	0	0	0	0	0	0	0	0	0	0	0	0	0	
12/30/2014 2:43:16 PM	0	0	8	15.25	15.38	0	340	2763	4.07	4.0747	0	0	False	-0.2516667	-0.2483333	-0.235	0.25	0	0.1888	32.534	32.545	-1	0.046	4.07	4.07	4.07	4.07	4.07	4.07	4.07	4.07	0	0	0	0	0	0	0	0	0	0	0	0	0	0	0	0	0	0	0	0	0	0	0	0	0	0	0	0	0	0	0	0	0	0	0	0	0	0	0	0	0	0	0	
12/30/2014 2:43:26 PM	0	0	8	15.24	15.38	0	342	2773	4.07	4.0747	0	0	False	-0.25	-0.2516667	-0.2433333	0.25	0	0.1895	32.534	32.545	-1	0.046	4.07	4.07	4.07	4.07	4.07	4.07	4.07	4.07	0	0	0	0	0	0	0	0	0	0	0	0	0	0	0	0	0	0	0	0	0	0	0	0	0	0	0	0	0	0	0	0	0	0	0	0	0	0	0	0	0	0	0	
12/30/2014 2:43:36 PM	0	0	8	15.24	15.38	0	348	2783	4.07	4.0747	0	0	False	-0.25	-0.2483333	-0.2483333	0.25	0	0.1901	32.534	32.545	-1	0.046	4.07	4.07	4.07	4.07	4.07	4.07	4.07	4.07	0	0	0	0	0	0	0	0	0	0	0	0	0	0	0	0	0	0	0	0	0	0	0	0	0	0	0	0	0	0	0	0	0	0	0	0	0	0	0	0	0	0	0	
12/30/2014 2:43:46 PM	0	0	8	15.24	15.38	0	346	2793	4.07	4.0747	0	0	False	-0.25	-0.2516667	-0.2616667	0.25	0	0.1909	32.534	32.544	-1	0.046	4.07	4.07	4.07	4.07	4.07	4.07	4.07	4.07	0	0	0	0	0	0	0	0	0	0	0	0	0	0	0	0	0	0	0	0	0	0	0	0	0	0	0	0	0	0	0	0	0	0	0	0	0	0	0	0	0	0	0	
12/30/2014 2:43:56 PM	0	0	8	15.24	15.38	0	346	2803	4.07	4.0747	0	0	False	-0.2516667	-0.2466667	-0.2433333	0.25	0	0.1916	32.534	32.544	-1	0.046	4.07	4.07	4.07	4.07	4.07	4.07	4.07	4.07	0	0	0	0	0	0	0	0	0	0	0	0	0	0	0	0	0	0	0	0	0	0	0	0	0	0	0	0	0	0	0	0	0	0	0	0	0	0	0	0	0	0	0	
12/30/2014 2:44:06 PM	0	0	8	15.24	15.38	0	344	2813	4.07	4.0747	0	0	False	-0.2516667	-0.2516667	-0.2483333	0.25	0	0.1923	32.534	32.544	-1	0.046	4.07	4.07	4.07	4.07	4.07	4.07	4.07	4.07	0	0	0	0	0	0	0	0	0	0	0	0	0	0	0	0	0	0	0	0	0	0	0	0	0	0	0	0	0	0	0	0	0	0	0	0	0	0	0	0	0	0	0	
12/30/2014 2:44:17 PM	0	0	8	15.24	15.38	0	346	2824	4.07	4.0747	0	0	False	-0.25	-0.2483333	-0.2516667	0.25	0	0.193	32.534	32.544	-1	0.046	4.07	4.07	4.07	4.07	4.07	4.07	4.07	4.07	0	0	0	0	0	0	0	0	0	0	0	0	0	0	0	0	0	0	0	0	0	0	0	0	0	0	0	0	0	0	0	0	0	0	0	0	0	0	0	0	0	0	0	
12/30/2014 2:44:27 PM	0	0	8	15.24	15.38	0	340	2834	4.07	4.0747	0	0	False	-0.2516667	-0.2533333	-0.235	0.25	0	0.1937	32.522	32.54	-1	0.057	4.07	4.07	4.07	4.07	4.07	4.07	4.07	4.07	0	0	0	0	0	0	0	0	0	0	0	0	0	0	0	0	0	0	0	0	0	0	0	0	0	0	0	0	0	0	0	0	0	0	0	0	0	0	0	0	0	0	0	
12/30/2014 2:44:37 PM	0	0	8	15.25	15.38	0	348	2844	4.069	4.0747	0	0	False	-0.25	-0.25	-0.2616667	0.25	0	0.1944	32.534	32.537	-1	0.046	4.069	4.069	4.069	4.069	4.069	4.069	4.069	4.069	0	0	0	0	0	0	0	0	0	0	0	0	0	0	0	0	0	0	0	0	0	0	0	0	0	0	0	0	0	0	0	0	0	0	0	0	0	0	0	0	0	0	0	
12/30/2014 2:44:47 PM	0	0	8	15.24	15.38	0	342	2854	4.069	4.0747	0	0	False	-0.2483333	-0.2466667	-0.2433333	0.25	0	0.1951	32.534	32.534	-1	0.046	4.069	4.069	4.069	4.069	4.069	4.069	4.069	4.069	0	0	0	0	0	0	0	0	0	0	0	0	0	0	0	0	0	0	0	0	0	0	0	0	0	0	0	0	0	0	0	0	0	0	0	0	0	0	0	0	0	0	0	
12/30/2014 2:44:57 PM	0	0	8	15.24	15.38	0	344	2864	4.069	4.0746	0	0	False	-0.2483333	-0.2483333	-0.2483333	0.25	0	0.1958	32.534	32.534	-1	0.046	4.069	4.069	4.069	4.069	4.069	4.069	4.069	4.069	0	0	0	0	0	0	0	0	0	0	0	0	0	0	0	0	0	0	0	0	0	0	0	0	0	0	0	0	0	0	0	0	0	0	0	0	0	0	0	0	0	0	0	
12/30/2014 2:45:07 PM	0	0	8	15.24	15.38	0	342	2874	4.069	4.0745	0	0	False	-0.2533333	-0.2516667	-0.2483333	0.25	0	0.1965	32.534	32.534	-1	0.046	4.069	4.069	4.069	4.069	4.069	4.069	4.069	4.069	0	0	0	0	0	0	0	0	0	0	0	0	0	0	0	0	0	0	0	0	0	0	0	0	0	0	0	0	0	0	0	0	0	0	0	0	0	0	0	0	0	0	0	
12/30/2014 2:45:17 PM	0	0	8	15.24	15.38	0	340	2884	4.069	4.0743	0	0	False	-0.2533333	-0.2516667	-0.2483333	0.25	0	0.1972	32.534	32.534	-1	0.046	4.069	4.069	4.069	4.069	4.069	4.069	4.069	4.069	0	0	0	0	0	0	0	0	0	0	0	0	0	0	0	0	0	0	0	0	0	0	0	0	0	0	0	0	0	0	0	0	0	0	0	0	0	0	0	0	0	0	0	
12/30/2014 2:45:28 PM	0	0	8	15.25	15.38	0	344	2894	4.069	4.0735	0	0	False	-0.2483333	-0.2516667	-0.2516667	0.25	0	0.1979	32.522	32.534	-1	0.057	4.069	4.069	4.069	4.069	4.069	4.069	4.069	4.069	0	0	0	0	0	0	0	0	0	0	0	0	0	0	0	0	0	0	0	0	0	0	0	0	0	0	0	0	0	0	0	0	0	0	0	0	0	0	0	0	0	0	0	
12/30/2014 2:45:38 PM	0	0	8	15.24	15.38	0	338	2904	4.069	4.0735	0	0	False	-0.25	-0.2516667	-0.2516667	0.25	0	0.1986	32.522	32.534	-1	0.057	4.069	4.069	4.069	4.069	4.069	4.069	4.069	4.069	0	0	0	0	0	0	0	0	0	0	0	0	0	0	0	0	0	0	0	0	0	0	0	0	0	0	0	0	0	0	0	0	0	0	0	0	0	0	0	0	0	0	0	
12/30/2014 2:45:48 PM	0	0	8	15.24	15.38	0	344	2914	4.069	4.0735	0	0	False	-0.2516667	-0.2516667	-0.2516667	0.25	0	0.1993	32.522	32.534	-1	0.046	4.069	4.069	4.069	4.069	4.069	4.069	4.069	4.069	0	0	0	0	0	0	0	0	0	0	0	0	0	0	0	0	0	0	0	0	0	0	0	0	0	0	0	0	0	0	0	0	0	0	0	0	0	0	0	0	0	0	0	
12/30/2014 2:45:58 PM	0	0	8	15.24	15.38	0	342	2924	4.069	4.0735	0	0	False	-0.25	-0.25	-0.2516667	0.25	0	0.1999	32.522	32.534	-1	0.046	4.069	4.069	4.069	4.069	4.069	4.069	4.069	4.069	0	0	0	0	0	0	0	0	0	0	0	0	0	0	0	0	0	0	0	0	0	0	0	0	0	0	0	0	0	0	0	0	0	0	0	0	0	0	0	0	0	0	0	
12/30/2014 2:46:08 PM	0	0	8	15.24	15.38	0	340	2935	4.069	4.0735	0	0	False	-0.2533333	-0.2533333	-0.2516667	0.25	0	0.2007	32.522	32.534	-1	0.046	4.069	4.069	4.069	4.069	4.069	4.069	4.069	4.069	0	0	0	0	0	0	0	0	0	0	0	0	0	0	0	0	0	0	0	0	0	0	0	0	0	0	0	0	0	0	0	0	0	0	0	0	0	0	0	0	0	0	0	
12/30/2014 2:46:18 PM	0	0	8	15.24	15.38	0	340	2945	4.069	4.0735	0	0	False	-0.2516667	-0.25	-0.2433333	0.25	0	0.2014	32.522	32.534	-1	0.046	4.069	4.069	4.069	4.069	4.069	4.069	4.069	4.069	0	0	0	0	0	0	0	0	0	0	0	0	0	0	0	0	0	0	0	0	0	0	0	0	0	0	0	0	0	0	0	0	0	0	0	0	0	0	0	0	0	0	0	
12/30/2014 2:46:28 PM	0	0	8	15.24	15.38	0	342	2955	4.069	4.0735	0	0	False	-0.25	-0.25	-0.2483333	0.25	0	0.2021	32.522	32.534	-1	0.046	4.069	4.069	4.069	4.069	4.069	4.069	4.069	4.069	0	0	0	0	0	0	0	0	0	0	0	0	0	0	0	0	0	0	0	0	0	0	0	0	0	0	0	0	0	0	0	0	0	0	0	0	0	0	0	0	0	0	0	
12/30/2014 2:46:39 PM	0	0	8	15.24	15.38	0	348	2965	4.068	4.0735	0	0	False	-0.2483333	-0.2483333	-0.2533333	0.25	0	0.2028	32.522	32.534	-1	0.046	4.068	4.068	4.068	4.068	4.068	4.068	4.068	4.068	0	0	0	0	0	0	0	0	0	0	0	0	0	0	0	0	0	0	0	0	0	0	0	0	0	0	0	0	0	0	0	0	0	0	0	0	0	0	0	0	0	0	0	
12/30/2014 2:46:49 PM	0	0	8	15.24	15.38	0	342	2975	4.068	4.0733	0	0	False	-0.2516667	-0.2533333	-0.2433333	0.25	0	0.2035	32.522	32.534	-1	0.046	4.068	4.068	4.068	4.068	4.068	4.068	4.068	4.068	0	0	0	0	0	0	0	0	0	0	0	0	0	0	0	0	0	0	0	0	0	0	0	0	0	0	0	0	0	0	0	0	0	0	0	0	0	0	0	0	0	0	0	
12/30/2014 2:46:59 PM	0	0	8	15.25	15.38	0	342	2985	4.068	4.0734	0	0	False	-0.25	-0.2516667	-0.2533333	0.25	0	0.2043	32.522	32.534	-1	0.046	4.068	4.068	4.068	4.068	4.068	4.068	4.068	4.068	0	0	0	0	0	0	0	0	0	0	0	0	0	0	0	0	0	0	0	0	0	0	0	0	0	0	0	0	0	0	0	0	0	0	0	0	0	0	0	0	0	0	0	
12/30/2014 2:47:09 PM	0	0	8	15.24	15.38	0	346	2994	4.068	4.0734	0	0	False	-0.2516667	-0.25	-0.2483333	0.25	0	0.2049	32.522	32.532	-1	0.046	4.068	4.068	4.068	4.068	4.068	4.068	4.068	4.068	0	0	0	0	0	0	0	0	0	0	0	0	0	0	0	0	0	0	0	0	0	0	0	0	0	0	0	0	0	0	0	0	0	0	0	0	0	0	0	0	0	0	0	
12/30/2014 2:47:19 PM	0	0	8	15.24	15.38	0	346	3005	4.068	4.0733	0	0	False	-0.25	-0.2483333	-0.2483333	0.25	0	0.2057	32.522	32.53	-1	0.046	4.068	4.068	4.068	4.068	4.068	4.068	4.068	4.068	0	0	0	0	0	0	0	0	0	0	0	0	0	0	0	0	0	0	0	0	0	0	0	0	0	0	0	0	0	0	0	0	0	0	0	0	0	0	0	0	0	0	0	
12/30/2014 2:47:29 PM	0	0	8	15.24	15.38	0	344	3015	4.068	4.0731	0	0	False	-0.25	-0.2516667	-0.2433333	0.25	0	0.2063	32.522	32.525	-1	0.046	4.068	4.068	4.068	4.068	4.068	4.068	4.068	4.068	0	0	0	0	0	0	0	0	0	0	0	0	0	0	0	0	0	0	0	0	0	0	0	0	0	0	0	0	0	0	0	0	0	0	0	0	0	0	0	0	0	0	0	
12/30/2014 2:47:40 PM	0	0	8	15.24	15.38	0	342	3025	4.068	4.0724	0	0	False	-0.2516667	-0.2516667	-0.2433333	0.25	0	0.2071	32.522	32.523	-1	0.046	4.068	4.068	4.068	4.068	4.068	4.068	4.068	4.068	0	0	0	0	0	0	0	0	0	0	0	0	0	0	0	0	0	0	0	0	0	0	0	0	0	0	0	0	0	0	0	0	0	0	0	0	0	0	0	0	0	0	0	
12/30/2014 2:47:50 PM	0	0	8	15.24	15.38	0	346	3035	4.068	4.0722	0	0	False	-0.25	-0.2483333	-0.2483333	0.25	0	0.2078	32.522	32.522	-1	0.057	4.068	4.068	4.068	4.068	4.068	4.068	4.068	4.068	0	0	0	0	0	0	0	0	0	0	0	0	0	0	0	0	0	0	0	0	0	0	0	0	0	0	0	0	0	0	0	0	0	0	0	0	0	0	0	0	0	0	0	
12/30/2014 2:48:00 PM	0	0	8	15.24	15.38	0	344	3045	4.067	4.0722	0	0	False	-0.25	-0.25	-0.2433333	0.25	0	0.2085	32.522	32.522	-1	0.057	4.067	4.067	4.067	4.067	4.067	4.067	4.067	4.067	0	0	0	0	0	0	0	0	0	0	0	0	0	0	0	0	0	0	0	0	0	0	0	0	0	0	0	0	0	0	0	0	0	0	0	0	0	0	0	0	0	0	0	
12/30/2014 2:48:10 PM	0	0	8	15.24	15.38	0	346	3056	4.067	4.0722	0	0	False	-0.2483333	-0.2483333	-0.2516667	0.25	0	0.2092	32.511	32.522	-1	0.046	4.067	4.067	4.067	4.067	4.067	4.067	4.067	4.067	0	0	0	0	0	0	0	0	0	0	0	0	0	0	0	0	0	0	0	0	0	0	0	0	0	0	0	0	0	0	0	0	0	0	0	0	0	0	0	0	0	0	0	
12/30/2014 2:48:20 PM	0	0	8	15.24	15.38	0	344	3066	4.067	4.0722	0	0	False	-0.25	-0.25	-0.2516667	0.25	0	0.2099	32.522	32.522	-1	0.046	4.067	4.067	4.067	4.067	4.067	4.067	4.067	4.067	0	0	0	0	0	0	0	0	0	0	0	0	0	0	0	0	0	0	0	0	0	0	0	0	0	0	0	0	0	0	0	0	0	0	0	0	0	0	0	0	0	0	0	
12/30/2014 2:48:30 PM	0	0	8	15.24	15.38	0	344	3076	4.067	4.0722	0	0	False	-0.25	-0.2516667	-0.2483333	0.25	0	0.2106	32.522	32.522	-1	0.034	4.067	4.067	4.067	4.067	4.067	4.067	4.067	4.067	0	0	0	0	0	0	0	0	0	0	0	0	0	0	0	0	0	0	0	0	0	0	0	0	0	0	0	0	0	0	0	0	0	0	0	0	0	0	0	0	0	0	0	
12/30/2014 2:48:40 PM	0	0	8	15.24	15.38	0	350	3086	4.067	4.0722	0	0	False	-0.25	-0.2433333	-0.2666667	0.25	0	0.2113	32.511	32.522	-1	0.046	4.067	4.067	4.067	4.067	4.067	4.067	4.067	4.067	0	0	0	0	0	0	0	0	0	0	0	0	0	0	0	0	0	0	0	0	0	0	0	0	0	0	0	0	0	0	0	0	0	0	0	0	0	0	0	0	0	0	0	
12/30/2014 2:48:51 PM	0	0	8	15.24	15.38	0	344	3096	4.067	4.0722	0	0	False	-0.25	-0.2516667	-0.2616667	0.25	0	0.212	32.511	32.522	-1	0.034	4.067	4.067	4.067	4.067	4.067	4.067	4.067	4.067	0	0	0	0	0	0	0	0	0	0	0	0	0	0	0	0	0	0	0	0	0	0	0	0	0	0	0	0	0	0	0	0	0	0	0	0	0	0	0	0	0	0	0	
12/30/2014 2:49:01 PM	0	0	8	15.24	15.38	0	342	3106	4.067	4.0722	0	0	False	-0.2516667	-0.2516667	-0.2483333	0.25	0	0.2127	32.511	32.522	-1	0.046	4.067	4.067	4.067	4.067	4.067	4.067	4.067	4.067	0	0	0	0	0	0	0	0	0	0	0	0	0	0	0	0	0	0	0	0	0	0	0	0	0	0	0	0	0	0	0	0	0	0	0	0	0	0	0	0	0	0	0	
12/30/2014 2:49:11 PM	0	0	8	15.24	15.38	0	344	3116	4.067	4.0722	0	0	False	-0.25	-0.2516667	-0.2483333	0.25	0	0.2134	32.511	32.522	-1	0.046	4.067	4.067	4.067	4.067	4.067	4.067	4.067	4.067	0	0	0	0	0	0	0	0	0	0	0	0	0	0	0	0	0	0	0	0	0	0	0	0	0	0	0	0	0	0	0	0	0	0	0	0	0	0	0	0	0	0	0	
12/30/2014 2:49:21 PM	0	0	8	15.24	15.38	0	340	3126	4.067	4.0722	0	0	False	-0.2533333	-0.2533333	-0.2516667	0.25	0	0.2141	32.511	32.522	-1	0.046	4.067	4.067	4.067	4.067	4.067	4.067	4.067	4.067	0	0	0	0	0	0	0	0	0	0	0	0	0	0	0	0	0	0	0	0	0	0	0	0	0	0	0	0	0	0	0	0	0	0	0	0	0	0	0	0	0	0	0	
12/30/2014 2:49:31 PM	0	0	8	15.24	15.38	0	342	3136	4.067	4.0722	0	0	False	-0.25	-0.25	-0.2483333	0.25	0	0.2148	32.511	32.522	-1	0.046	4.067	4.067	4.067	4.067	4.067	4.067	4.067	4.067	0	0	0	0	0	0	0	0	0	0	0	0	0	0	0	0	0	0	0	0	0	0	0	0	0	0	0	0	0	0	0	0	0	0	0	0	0	0	0	0	0	0	0	
12/30/2014 2:49:41 PM	0	0	8	15.24	15.38	0	344	3146	4.067	4.0722	0	0	False	-0.25	-0.25	-0.2483333	0.25	0	0.2155	32.511	32.522	-1	0.046	4.067	4.067	4.067	4.067	4.067	4.067	4.067	4.067	0	0	0	0	0	0	0	0	0	0	0	0	0	0	0	0	0	0	0	0	0	0	0	0	0	0	0	0	0	0	0	0	0	0	0	0	0	0	0	0	0	0	0	
12/30/2014 2:49:51 PM	0	0	8	15.24	15.38	0	350	3156	4.067	4.0722	0	0	False	-0.2483333	-0.2516667	-0.2616667	0.25	0	0.2162	32.511	32.522	-1	0.046	4.067	4.067	4.067	4.067	4.067	4.067	4.067	4.067	0	0	0	0	0	0	0	0	0	0	0	0	0	0	0	0	0	0	0	0	0	0	0	0	0	0	0	0	0	0	0	0	0	0	0	0	0	0	0	0	0	0	0	
12/30/2014 2:50:02 PM	0	0	8	15.24	15.38	0	344	3166	4.067	4.0719	0	0	False	-0.2483333	-0.2483333	-0.2516667	0.25	0	0.2169	32.511	32.522	-1	0.046	4.067	4.067	4.067	4.067	4.067	4.067	4.067	4.067	0	0	0	0	0	0	0	0	0	0	0	0	0	0	0	0	0	0	0	0	0	0	0	0	0	0	0	0	0	0	0	0	0	0	0	0	0	0	0	0	0	0	0	
12/30/2014 2:50:12 PM	0	0	8	15.24	15.38	0	344	3177	4.066	4.0716	0	0	False	-0.25	-0.2483333	-0.2433333	0.25	0	0.2176	32.511	32.522	-1	0.046	4.066	4.066	4.066	4.066	4.066	4.066	4.066	4.066	0	0	0	0	0	0	0	0	0	0	0	0	0	0	0	0	0	0	0	0	0	0	0	0	0	0	0	0	0	0	0	0	0	0	0	0	0	0	0	0	0	0	0	
12/30/2014 2:50:22 PM	0	0	8	15.24	15.38	0	338	3187	4.066	4.0715	0	0	False	-0.2516667	-0.2533333	-0.2533333	0.25	0	0.2183	32.499	32.521	-1	0.046	4.066	4.066	4.066	4.066	4.066	4.066	4.066	4.066	0	0	0	0	0	0	0	0	0	0	0	0	0	0	0	0	0	0	0	0	0	0	0	0	0	0	0	0	0	0	0	0	0	0	0	0	0	0	0	0	0	0	0	
12/30/2014 2:50:32 PM	0	0	8	15.24	15.38	0	348	3197	4.066	4.0714	0	0	False	-0.2483333	-0.25	-0.2533333	0.25	0	0.219	32.511	32.52	-1	0.046	4.066	4.066	4.066	4.066	4.066	4.066	4.066	4.066	0	0	0	0	0	0	0	0	0	0	0	0	0	0	0	0	0	0	0	0	0	0	0	0	0	0	0	0	0	0	0	0	0	0	0	0	0	0	0	0	0	0	0	
12/30/2014 2:50:42 PM	0	0	8	15.24	15.38	0	342	3207	4.066	4.071	0	0	False	-0.2516667	-0.25	-0.2533333	0.25	0	0.2197	32.511	32.516	-1	0.034	4.066	4.066	4.066	4.066	4.066	4.066	4.066	4.066	0	0	0	0	0	0	0	0	0	0	0	0	0	0	0	0	0	0	0	0	0	0	0	0	0	0	0	0	0	0	0	0	0	0	0	0	0	0	0	0	0	0	0	
12/30/2014 2:50:52 PM	0	0	8	15.24	15.38	0	342	3217	4.066	4.071	0	0	False	-0.25	-0.2516667	-0.2616667	0.25	0	0.2204	32.499	32.511	-1	0.046	4.066	4.066	4.066	4.066	4.066	4.066	4.066	4.066	0	0	0	0	0	0	0	0	0	0	0	0	0	0	0	0	0	0	0	0	0	0	0	0	0	0	0	0	0	0	0	0	0	0	0	0	0	0	0	0	0	0	0	
12/30/2014 2:51:02 PM	0	0	8	15.24	15.38	0	344	3227	4.066	4.071	0	0	False	-0.25	-0.2516667	-0.2616667	0.25	0	0.2211	32.511	32.511	-1	0.046	4.066	4.066	4.066	4.066	4.066	4.066	4.066	4.066	0	0	0	0	0	0	0	0	0	0	0	0	0	0	0	0	0	0	0	0	0	0	0	0	0	0	0	0	0	0	0	0	0	0	0	0	0	0	0	0	0	0	0	
12/30/2014 2:51:13 PM	0	0	8	15.24	15.38	0	342	3237	4.066	4.071	0	0	False	-0.2516667	-0.25	-0.2483333	0.25	0	0.2218	32.499	32.511	-1	0.034	4.066	4.066	4.066	4.066	4.066	4.066	4.066	4.066	0	0	0	0	0	0	0	0	0	0	0	0	0	0	0	0	0	0	0	0	0	0	0	0	0	0	0	0	0	0	0	0	0	0	0	0	0	0	0	0	0	0	0	
12/30/2014 2:51:23 PM	0	0	8	15.24	15.38	0	348	3247	4.066	4.071	0	0	False	-0.2483333	-0.25	-0.2533333	0.25	0	0.2225	32.499	32.511	-1	0.046	4.066	4.066	4.066	4.066	4.066	4.066	4.066	4.066	0	0	0	0	0	0	0	0	0	0	0	0	0	0	0	0	0	0	0	0	0	0	0	0	0	0	0	0	0	0	0	0	0	0	0	0	0	0	0	0	0	0	0	
12/30/2014 2:51:33 PM	0	0	8	15.24	15.38	0	346	3257	4.066	4.071	0	0	False	-0.2483333	-0.25	-0.2533333	0.25	0	0.2232	32.499	32.511	-1	0.046	4.066	4.066	4.066	4.066	4.066	4.066	4.066	4.066	0	0	0	0	0	0	0	0	0	0	0	0	0	0	0	0	0	0	0	0	0	0	0	0	0	0	0	0	0	0	0	0	0	0	0	0	0	0	0	0	0	0	0	
12/30/2014 2:51:43 PM	0	0	8	15.24	15.38	0	338	3267	4.066	4.071	0	0	False	-0.2516667	-0.2533333	-0.2533333	0.25	0	0.2239	32.499	32.511	-1	0.046	4.066	4.066	4.066	4.066	4.066	4.066	4.066	4.066	0	0	0	0	0	0	0	0	0	0	0	0	0	0	0	0	0	0	0	0	0	0	0	0	0	0	0	0	0	0	0	0	0	0	0	0	0	0	0	0	0	0	0	
12/30/2014 2:51:53 PM	0	0	8	15.24	15.38	0	344	3277	4.066	4.071	0	0	False	-0.25	-0.2533333	-0.2616667	0.25	0	0.2247	32.511	32.511	-1	0.046	4.066	4.066	4.066	4.066	4.066	4.066	4.066	4.066	0	0	0	0	0	0	0	0	0	0	0	0	0	0	0	0	0	0	0	0	0	0	0	0	0	0	0	0	0	0	0	0	0	0	0	0	0	0	0	0	0	0	0	
12/30/2014 2:52:03 PM	0	0	8	15.24	15.38	0	346	3288	4.066	4.071	0	0	False	-0.2483333	-0.2483333	-0.2483333	0.25	0	0.2254	32.499	32.511	-1	0.046	4.066	4.066	4.066	4.066	4.066	4.066	4.066	4.066	0	0	0	0	0	0	0	0	0	0	0	0	0	0	0	0	0	0	0	0	0	0	0	0	0	0	0	0	0	0	0	0	0	0	0	0	0	0	0	0	0	0	0	
12/30/2014 2:52:13 PM	0	0	8	15.24	15.38	0	344	3298	4.066	4.071	0	0	False	-0.25	-0.2483333	-0.2516667	0.25	0	0.2261	32.499	32.511	-1	0.046	4.066	4.066	4.066	4.066	4.066	4.066	4.066	4.066	0	0	0	0	0	0	0	0	0	0	0	0	0	0	0	0	0	0	0	0	0	0	0	0	0	0	0	0	0	0	0	0	0	0	0	0	0	0	0	0	0	0	0	
12/30/2014 2:52:24 PM	0	0	8	15.24	15.38	0	346	3307	4.066	4.071	0	0	False	-0.25	-0.2483333	-0.2483333	0.25	0	0.2267	32.499	32.511	-1	0.046	4.066	4.066	4.066	4.066	4.066	4.066	4.066	4.066	0	0	0	0	0	0	0	0	0	0	0	0	0	0	0	0	0	0	0	0	0	0	0	0	0	0	0	0	0	0	0	0	0	0	0	0	0	0	0	0	0	0	0	
12/30/2014 2:52:34 PM	0	0	8	15.24	15.38	0	346	3318	4.065	4.0704	0	0	False	-0.25	-0.2483333	-0.2516667	0.25	0	0.2275	32.499	32.51	-1	0.046	4.065	4.065	4.065	4.065	4.065	4.065	4.065	4.065	0	0	0	0	0	0	0	0	0	0	0	0	0	0	0	0	0	0	0	0	0	0	0	0	0	0	0	0	0	0	0	0	0	0	0	0	0	0	0	0	0	0	0	
12/30/2014 2:52:44 PM	0	0	8	15.24	15.38	0	348	3328	4.065	4.0704	0	0	False	-0.25	-0.2483333	-0.2516667	0.25	0	0.2282	32.499	32.51	-1	0.046	4.065	4.065	4.065	4.065	4.065	4.065	4.065	4.065	0	0	0	0	0	0	0	0	0	0	0	0	0	0	0	0	0	0	0	0	0	0	0	0	0	0	0	0	0	0	0	0	0	0	0	0	0	0	0	0	0	0	0	
12/30/2014 2:52:54 PM	0	0	8	15.24	15.38	0	346	3338	4.065	4.0702	0	0	False	-0.2483333	-0.2483333	-0.2616667	0.25	0	0.2289	32.499	32.507	-1	0.046	4.065	4.065	4.065	4.065	4.065	4.065	4.065	4.065	0	0	0	0	0	0	0	0	0	0	0	0	0	0	0	0	0	0	0	0	0	0	0	0	0	0	0	0	0	0	0	0	0	0	0	0	0	0	0	0	0	0	0	
12/30/2014 2:53:04 PM	0	0	8	15.24	15.38	0	344	3348	4.065	4.0697	0	0	False	-0.25	-0.2483333	-0.2483333	0.25	0	0.2296	32.499	32.506	-1	0.046	4.065	4.065	4.065	4.065	4.065	4.065	4.065	4.065	0	0	0	0	0	0	0	0	0	0	0	0	0	0	0	0	0	0	0	0	0	0	0	0	0	0	0	0	0	0	0	0	0	0	0	0	0	0	0	0	0	0	0	
12/30/2014 2:53:14 PM	0	0	8	15.24	15.38	0	340	3358	4.065	4.0697	0	0	False	-0.2533333	-0.2533333	-0.235	0.25	0	0.2303	32.499	32.505	-1	0.046	4.065	4.065	4.065	4.065	4.065	4.065	4.065	4.065	0	0	0	0	0	0	0	0	0	0	0	0	0	0	0	0	0	0	0	0	0	0	0	0	0	0	0	0	0	0	0	0	0	0	0	0	0	0	0	0	0	0	0	
12/30/2014 2:53:24 PM	0	0	8	15.24	15.38	0	354	3368	4.065	4.0697	0	0	False	-0.25	-0.2483333	-0.2666667	0.25	0	0.231	32.499	32.5	-1	0.046	4.065	4.065	4.065	4.065	4.065	4.065	4.065	4.065	0	0	0	0	0	0	0	0	0	0	0	0	0	0	0	0	0	0	0	0	0	0	0	0	0	0	0	0	0	0	0	0	0	0	0	0	0	0	0	0	0	0	0	
12/30/2014 2:53:35 PM	0	0	8	15.24	15.38	0	348	3378	4.065	4.0697	0	0	False	-0.25	-0.2483333	-0.2483333	0.25	0	0.2317	32.488	32.499	-1	0.057	4.065	4.065	4.065	4.065	4.065	4.065	4.065	4.065	0	0	0	0	0	0	0	0	0	0	0	0	0	0	0	0	0	0	0	0	0	0	0	0	0	0	0	0	0	0	0	0	0	0	0	0	0	0	0	0	0	0	0	
12/30/2014 2:53:45 PM	0	0	8	15.24	15.38	0	346	3388	4.065	4.0697	0	0	False	-0.2483333	-0.2466667	-0.2483333	0.25	0	0.2324	32.499	32.499	-1	0.057	4.065	4.065	4.065	4.065	4.065	4.065	4.065	4.065	0	0	0	0	0	0	0	0	0	0	0	0	0	0	0	0	0	0	0	0	0	0	0	0	0	0	0	0	0	0	0	0	0	0	0	0	0	0	0	0	0	0	0	
12/30/2014 2:53:55 PM	0	0	8	15.24	15.38	0	340	3399	4.065	4.0697	0	0	False	-0.2516667	-0.2516667	-0.2433333	0.25	0	0.2332	32.488	32.499	-1	0.057	4.065	4.065	4.065	4.065	4.065	4.065	4.065	4.065	0	0	0	0	0	0	0	0	0	0	0	0	0	0	0	0	0	0	0	0	0	0	0	0	0	0	0	0	0	0	0	0	0	0	0	0	0	0	0	0	0	0	0	
12/30/2014 2:54:05 PM	0	0	8	15.24	15.38	0	344	3409	4.065	4.0697	0	0	False	-0.2483333	-0.2483333	-0.2616667	0.25	0	0.2338	32.499	32.499	-1	0.046	4.065	4.065	4.065	4.065	4.065	4.065	4.065	4.065	0	0	0	0	0	0	0	0	0	0	0	0	0	0	0	0	0	0	0	0	0	0	0	0	0	0	0	0	0	0	0	0	0	0	0	0	0	0	0	0	0	0	0	
12/30/2014 2:54:15 PM	0	0	8	15.25	15.38	0	346	3419	4.064	4.0697	0	0	False	-0.2483333	-0.2483333	-0.2483333	0.25	0	0.2345	32.499	32.499	-1	0.057	4.064	4.064	4.064	4.064	4.064	4.064	4.064	4.064	0	0	0	0	0	0	0	0	0	0	0	0	0	0	0	0	0	0	0	0	0	0	0	0	0	0	0	0	0	0	0	0	0	0	0	0	0	0	0	0	0	0	0	
12/30/2014 2:54:25 PM	0	0	8	15.24	15.38	0	344	3429	4.064	4.0697	0	0	False	-0.2483333	-0.25	-0.2533333	0.25	0	0.2352	32.499	32.499	-1	0.057	4.064	4.064	4.064	4.064	4.064	4.064	4.064	4.064	0	0	0	0	0	0	0	0	0	0	0	0	0	0	0	0	0	0	0	0	0	0	0	0	0	0	0	0	0	0	0	0	0	0	0	0	0	0	0	0	0	0	0	
12/30/2014 2:54:35 PM	0	0	8	15.24	15.38	0	342	3439	4.064	4.0697	0	0	False	-0.2516667	-0.2533333	-0.2483333	0.25	0	0.2359	32.488	32.499	-1	0.046	4.064	4.064	4.064	4.064	4.064	4.064	4.064	4.064	0	0	0	0	0	0	0	0	0	0	0	0	0	0	0	0	0	0	0	0	0	0	0	0	0	0	0	0	0	0	0	0	0	0	0	0	0	0	0	0	0	0	0	
12/30/2014 2:54:46 PM	0	0	8	15.24	15.38	0	338	3449	4.064	4.0697	0	0	False	-0.2516667	-0.2516667	-0.235	0.25	0	0.2366	32.488	32.499	-1	0.046	4.064	4.064	4.064	4.064	4.064	4.064	4.064	4.064	0	0	0	0	0	0	0	0	0	0	0	0	0	0	0	0	0	0	0	0	0	0	0	0	0	0	0	0	0	0	0	0	0	0	0	0	0	0	0	0	0	0	0	
12/30/2014 2:54:56 PM	0	0	8	15.24	15.38	0	344	3459	4.064	4.0697	0	0	False	-0.25	-0.2533333	-0.2483333	0.25	0	0.2373	32.488	32.499	-1	0.046	4.064	4.064	4.064	4.064	4.064	4.064	4.064	4.064	0	0	0	0	0	0	0	0	0	0	0	0	0	0	0	0	0	0	0	0	0	0	0	0	0	0	0	0	0	0	0	0	0	0	0	0	0	0	0	0	0	0	0	
12/30/2014 2:55:06 PM	0	0	8	15.24	15.38	0	346	3469	4.064	4.0697	0	0	False	-0.25	-0.2516667	-0.2483333	0.25	0	0.238	32.488	32.499	-1	0.046	4.064	4.064	4.064	4.064	4.064	4.064	4.064	4.064	0	0	0	0	0	0	0	0	0	0	0	0	0	0	0	0	0	0	0	0	0	0	0	0	0	0	0	0	0	0	0	0	0	0	0	0	0	0	0	0	0	0	0	
12/30/2014 2:55:16 PM	0	0	8	15.24	15.38	0	340	3479	4.064	4.0696	0	0	False	-0.2516667	-0.2516667	-0.2433333	0.25	0	0.2387	32.488	32.499	-1	0.046	4.064	4.064	4.064	4.064	4.064	4.064	4.064	4.064	0	0	0	0	0	0	0	0	0	0	0	0	0	0	0	0	0	0	0	0	0	0	0	0	0	0	0	0	0	0	0	0	0	0	0	0	0	0	0	0	0	0	0	
12/30/2014 2:55:26 PM	0	0	8	15.24	15.38	0	346	3489	4.064	4.0694	0	0	False	-0.2483333	-0.2516667	-0.2616667	0.25	0	0.2394	32.488	32.499	-1	0.046	4.064	4.064	4.064	4.064	4.064	4.064	4.064	4.064	0	0	0	0	0	0	0	0	0	0	0	0	0	0	0	0	0	0	0	0	0	0	0	0	0	0	0	0	0	0	0	0	0	0	0	0	0	0	0	0	0	0	0	
12/30/2014 2:55:36 PM	0	0	8	15.24	15.38	0	346	3499	4.064	4.069	0	0	False	-0.25	-0.25	-0.2483333	0.25	0	0.2401	32.488	32.497	-1	0.046	4.064	4.064	4.064	4.064	4.064	4.064	4.064	4.064	0	0	0	0	0	0	0	0	0	0	0	0	0	0	0	0	0	0	0	0	0	0	0	0	0	0	0	0	0	0	0	0	0	0	0	0	0	0	0	0	0	0	0	
12/30/2014 2:55:46 PM	0	0	8	15.25	15.38	0	344	3509	4.063	4.0686	0	0	False	-0.2516667	-0.2533333	-0.2616667	0.25	0	0.2408	32.488	32.494	-1	0.046	4.063	4.063	4.063	4.063	4.063	4.063	4.063	4.063	0	0	0	0	0	0	0	0	0	0	0	0	0	0	0	0	0	0	0	0	0	0	0	0	0	0	0	0	0	0	0	0	0	0	0	0	0	0	0	0	0	0	0	
12/30/2014 2:55:57 PM	0	0	8	15.24	15.38	0	338	3520	4.063	4.0685	0	0	False	-0.2533333	-0.2533333	-0.2483333	0.25	0	0.2416	32.476	32.489	-1	0.046	4.063	4.063	4.063	4.063	4.063	4.063	4.063	4.063	0	0	0	0	0	0	0	0	0	0	0	0	0	0	0	0	0	0	0	0	0	0	0	0	0	0	0	0	0	0	0	0	0	0	0	0	0	0	0	0	0	0	0	
12/30/2014 2:56:07 PM	0	0	8	15.24	15.38	0	340	3530	4.063	4.0685	0	0	False	-0.2516667	-0.255	-0.2433333	0.25	0	0.2423	32.476	32.488	-1	0.046	4.063	4.063	4.063	4.063	4.063	4.063	4.063	4.063	0	0	0	0	0	0	0	0	0	0	0	0	0	0	0	0	0	0	0	0	0	0	0	0	0	0	0	0	0	0	0	0	0	0	0	0	0	0	0	0	0	0	0	
12/30/2014 2:56:17 PM	0	0	8	15.24	15.38	0	344	3540	4.063	4.0685	0	0	False	-0.2533333	-0.2533333	-0.2433333	0.25	0	0.243	32.488	32.488	-1	0.046	4.063	4.063	4.063	4.063	4.063	4.063	4.063	4.063	0	0	0	0	0	0	0	0	0	0	0	0	0	0	0	0	0	0	0	0	0	0	0	0	0	0	0	0	0	0	0	0	0	0	0	0	0	0	0	0	0	0	0	
12/30/2014 2:56:27 PM	0	0	8	15.24	15.38	0	346	3550	4.063	4.0685	0	0	False	-0.2516667	-0.25	-0.2616667	0.25	0	0.2437	32.476	32.488	-1	0.034	4.063	4.063	4.063	4.063	4.063	4.063	4.063	4.063	0	0	0	0	0	0	0	0	0	0	0	0	0	0	0	0	0	0	0	0	0	0	0	0	0	0	0	0	0	0	0	0	0	0	0	0	0	0	0	0	0	0	0	
12/30/2014 2:56:37 PM	0	0	8	15.24	15.38	0	340	3560	4.063	4.0685	0	0	False	-0.25	-0.25	-0.2516667	0.25	0	0.2444	32.488	32.488	-1	0.046	4.063	4.063	4.063	4.063	4.063	4.063	4.063	4.063	0	0	0	0	0	0	0	0	0	0	0	0	0	0	0	0	0	0	0	0	0	0	0	0	0	0	0	0	0	0	0	0	0	0	0	0	0	0	0	0	0	0	0	
12/30/2014 2:56:47 PM	0	0	8	15.24	15.38	0	342	3570	4.063	4.0685	0	0	False	-0.2483333	-0.25	-0.2433333	0.25	0	0.2451	32.476	32.488	-1	0.046	4.063	4.063	4.063	4.063	4.063	4.063	4.063	4.063	0	0	0	0	0	0	0	0	0	0	0	0	0	0	0	0	0	0	0	0	0	0	0	0	0	0	0	0	0	0	0	0	0	0	0	0	0	0	0	0	0	0	0	
12/30/2014 2:56:57 PM	0	0	8	15.24	15.38	0	344	3580	4.063	4.0685	0	0	False	-0.25	-0.2516667	-0.2516667	0.25	0	0.2458	32.476	32.488	-1	0.057	4.063	4.063	4.063	4.063	4.063	4.063	4.063	4.063	0	0	0	0	0	0	0	0	0	0	0	0	0	0	0	0	0	0	0	0	0	0	0	0	0	0	0	0	0	0	0	0	0	0	0	0	0	0	0	0	0	0	0	
12/30/2014 2:57:08 PM	0	0	8	15.24	15.38	0	340	3590	4.063	4.0685	0	0	False	-0.2516667	-0.25	-0.235	0.25	0	0.2465	32.476	32.488	-1	0.046	4.063	4.063	4.063	4.063	4.063	4.063	4.063	4.063	0	0	0	0	0	0	0	0	0	0	0	0	0	0	0	0	0	0	0	0	0	0	0	0	0	0	0	0	0	0	0	0	0	0	0	0	0	0	0	0	0	0	0	
12/30/2014 2:57:18 PM	0	0	8	15.24	15.38	0	342	3600	4.063	4.0684	0	0	False	-0.2516667	-0.2483333	-0.2483333	0.25	0	0.2472	32.476	32.487	-1	0.046	4.063	4.063	4.063	4.063	4.063	4.063	4.063	4.063	0	0	0	0	0	0	0	0	0	0	0	0	0	0	0	0	0	0	0	0	0	0	0	0	0	0	0	0	0	0	0	0	0	0	0	0	0	0	0	0	0	0	0	
12/30/2014 2:57:28 PM	0	0	8	15.24	15.38	0	348	3610	4.063	4.0685	0	0	False	-0.2483333	-0.2483333	-0.2516667	0.25	0	0.2479	32.476	32.487	-1	0.046	4.063	4.063	4.063	4.063	4.063	4.063	4.063	4.063	0	0	0	0	0	0	0	0	0	0	0	0	0	0	0	0	0	0	0	0	0	0	0	0	0	0	0	0	0	0	0	0	0	0	0	0	0	0	0	0	0	0	0	
12/30/2014 2:57:38 PM	0	0	8	15.24	15.38	0	342	3620	4.063	4.0683	0	0	False	-0.2483333	-0.25	-0.2483333	0.25	0	0.2486	32.476	32.487	-1	0.046	4.063	4.063	4.063	4.063	4.063	4.063	4.063	4.063	0	0	0	0	0	0	0	0	0	0	0	0	0	0	0	0	0	0	0	0	0	0	0	0	0	0	0	0	0	0	0	0	0	0	0	0	0	0	0	0	0	0	0	
12/30/2014 2:57:48 PM	0	0	8	15.24	15.38	0	344	3630	4.062	4.068	0	0	False	-0.25	-0.25	-0.2616667	0.25	0	0.2493	32.476	32.486	-1	0.046	4.062	4.062	4.062	4.062	4.062	4.062	4.062	4.062	0	0	0	0	0	0	0	0	0	0	0	0	0	0	0	0	0	0	0	0	0	0	0	0	0	0	0	0	0	0	0	0	0	0	0	0	0	0	0	0	0	0	0	
12/30/2014 2:57:58 PM	0	0	8	15.24	15.38	0	348	3641	4.062	4.0676	0	0	False	-0.25	-0.2483333	-0.2433333	0.25	0	0.25	32.476	32.484	-1	0.046	4.062	4.062	4.062	4.062	4.062	4.062	4.062	4.062	0	0	0	0	0	0	0	0	0	0	0	0	0	0	0	0	0	0	0	0	0	0	0	0	0	0	0	0	0	0	0	0	0	0	0	0	0	0	0	0	0	0	0	
