DateTime	SlaveNum	Cycle	Mode	SupplyVolts	LSupplyVolts	SupplyAmps	PWM	SecTimer	AvgCellVolts	MaxCellVolts	AvgIR	FallBackVolts	CVStarted	SlowAmps	AvgAmps	FastAmps	SetAmps	AhrIN	AhrOUT	PackVolts	AvgPackVolts	Fuel1	SumError	Cell1Volts	Cell2Volts	Cell3Volts	Cell4Volts	Cell5Volts	Cell6Volts	Cell7Volts	Cell8Volts	Cell9Volts	Cell10Volts	Cell11Volts	Cell12Volts	Cell13Volts	Cell14Volts	Cell15Volts	Cell16Volts	Cell1IR	Cell2IR	Cell3IR	Cell4IR	Cell5IR	Cell6IR	Cell7IR	Cell8IR	Cell9IR	Cell10IR	Cell11IR	Cell12IR	Cell13IR	Cell14IR	Cell15IR	Cell16IR	BP1PWM	BP2PWM	BP3PWM	BP4PWM	BP5PWM	BP6PWM	BP7PWM	BP8PWM	BP9PWM	BP10PWM	BP11PWM	BP12PWM	BP13PWM	BP14PWM	BP15PWM	BP16PWM	Debug1	Debug2	Debug3	
12/27/2014 11:50:55 PM	0	0	8	15.33	15.47	0	8	11	4.202	4.206	0	0	False	-0.001666667	0	-0.01	0.25	0	0	33.6	33.6	-1	0.046	4.202	4.202	4.202	4.202	4.202	4.202	4.202	4.202	0	0	0	0	0	0	0	0	0	0	0	0	0	0	0	0	0	0	0	0	0	0	0	0	0	0	0	0	0	0	0	0	0	0	0	0	0	0	0	0	0	0	0	
12/27/2014 11:51:05 PM	0	0	8	15.33	15.47	0	58	21	4.202	4.206	0	0	False	-0.008333334	-0.006666667	-0.01	0.25	0	0	33.6	33.6	-1	0.046	4.202	4.202	4.202	4.202	4.202	4.202	4.202	4.202	0	0	0	0	0	0	0	0	0	0	0	0	0	0	0	0	0	0	0	0	0	0	0	0	0	0	0	0	0	0	0	0	0	0	0	0	0	0	0	0	0	0	0	
12/27/2014 11:51:16 PM	0	0	8	15.33	15.47	0	108	31	4.203	4.2073	0	0	False	-0.01	-0.01	-0.01	0.25	0	0	33.6	33.6	-1	0.046	4.203	4.203	4.203	4.203	4.203	4.203	4.203	4.203	0	0	0	0	0	0	0	0	0	0	0	0	0	0	0	0	0	0	0	0	0	0	0	0	0	0	0	0	0	0	0	0	0	0	0	0	0	0	0	0	0	0	0	
12/27/2014 11:51:17 PM	0	0	8	15.33	15.47	0	118	33	4.202	4.206	0	0	False	-0.01	-0.01	0	0.25	0	0	33.6	33.6	-1	0.046	4.202	4.202	4.202	4.202	4.202	4.202	4.202	4.202	0	0	0	0	0	0	0	0	0	0	0	0	0	0	0	0	0	0	0	0	0	0	0	0	0	0	0	0	0	0	0	0	0	0	0	0	0	0	0	0	0	0	0	
12/27/2014 11:51:26 PM	0	0	8	15.33	15.47	0	158	41	4.202	4.206	0	0	False	-0.01833333	-0.03333334	-0.04666667	0.25	0	0.0001	33.6	33.6	-1	0.046	4.202	4.202	4.202	4.202	4.202	4.202	4.202	4.202	0	0	0	0	0	0	0	0	0	0	0	0	0	0	0	0	0	0	0	0	0	0	0	0	0	0	0	0	0	0	0	0	0	0	0	0	0	0	0	0	0	0	0	
12/27/2014 11:51:36 PM	0	0	8	15.33	15.47	0	208	51	4.201	4.2048	0	0	False	-0.035	-0.075	-0.09666666	0.25	0	0.0003	33.589	33.589	-1	0.046	4.201	4.201	4.201	4.201	4.201	4.201	4.201	4.201	0	0	0	0	0	0	0	0	0	0	0	0	0	0	0	0	0	0	0	0	0	0	0	0	0	0	0	0	0	0	0	0	0	0	0	0	0	0	0	0	0	0	0	
12/27/2014 11:51:46 PM	0	0	8	15.33	15.47	0	260	61	4.2	4.2035	0	0	False	-0.06	-0.1183333	-0.15	0.25	0	0.0006	33.577	33.577	-1	0.046	4.2	4.2	4.2	4.2	4.2	4.2	4.2	4.2	0	0	0	0	0	0	0	0	0	0	0	0	0	0	0	0	0	0	0	0	0	0	0	0	0	0	0	0	0	0	0	0	0	0	0	0	0	0	0	0	0	0	0	
12/27/2014 11:51:56 PM	0	0	8	15.33	15.47	0	310	71	4.199	4.2035	0	0	False	-0.09666666	-0.16	-0.2083333	0.25	0	0.0011	33.566	33.577	-1	0.046	4.199	4.199	4.199	4.199	4.199	4.199	4.199	4.199	0	0	0	0	0	0	0	0	0	0	0	0	0	0	0	0	0	0	0	0	0	0	0	0	0	0	0	0	0	0	0	0	0	0	0	0	0	0	0	0	0	0	0	
12/27/2014 11:52:06 PM	0	0	8	15.33	15.47	0	352	82	4.198	4.2021	0	0	False	-0.13	-0.2016667	-0.2516667	0.25	0	0.0018	33.554	33.572	-1	0.046	4.198	4.198	4.198	4.198	4.198	4.198	4.198	4.198	0	0	0	0	0	0	0	0	0	0	0	0	0	0	0	0	0	0	0	0	0	0	0	0	0	0	0	0	0	0	0	0	0	0	0	0	0	0	0	0	0	0	0	
12/27/2014 11:52:16 PM	0	0	8	15.33	15.47	0	350	92	4.196	4.2003	0	0	False	-0.1683333	-0.2433333	-0.2483333	0.25	0	0.0025	33.554	33.561	-1	0.046	4.196	4.196	4.196	4.196	4.196	4.196	4.196	4.196	0	0	0	0	0	0	0	0	0	0	0	0	0	0	0	0	0	0	0	0	0	0	0	0	0	0	0	0	0	0	0	0	0	0	0	0	0	0	0	0	0	0	0	
12/27/2014 11:52:26 PM	0	0	8	15.33	15.47	0	350	102	4.195	4.1989	0	0	False	-0.2016667	-0.2516667	-0.2483333	0.25	0	0.0032	33.531	33.55	-1	0.046	4.195	4.195	4.195	4.195	4.195	4.195	4.195	4.195	0	0	0	0	0	0	0	0	0	0	0	0	0	0	0	0	0	0	0	0	0	0	0	0	0	0	0	0	0	0	0	0	0	0	0	0	0	0	0	0	0	0	0	
12/27/2014 11:52:37 PM	0	0	8	15.33	15.47	0	352	112	4.194	4.1977	0	0	False	-0.2183333	-0.25	-0.2433333	0.25	0	0.0039	33.52	33.541	-1	0.034	4.194	4.194	4.194	4.194	4.194	4.194	4.194	4.194	0	0	0	0	0	0	0	0	0	0	0	0	0	0	0	0	0	0	0	0	0	0	0	0	0	0	0	0	0	0	0	0	0	0	0	0	0	0	0	0	0	0	0	
12/27/2014 11:52:47 PM	0	0	8	15.33	15.47	0	350	122	4.193	4.1966	0	0	False	-0.235	-0.25	-0.2483333	0.25	0	0.0046	33.52	33.531	-1	0.046	4.193	4.193	4.193	4.193	4.193	4.193	4.193	4.193	0	0	0	0	0	0	0	0	0	0	0	0	0	0	0	0	0	0	0	0	0	0	0	0	0	0	0	0	0	0	0	0	0	0	0	0	0	0	0	0	0	0	0	
12/27/2014 11:52:57 PM	0	0	8	15.33	15.47	0	348	132	4.191	4.1952	0	0	False	-0.2516667	-0.2516667	-0.2483333	0.25	0	0.0053	33.508	33.519	-1	0.057	4.191	4.191	4.191	4.191	4.191	4.191	4.191	4.191	0	0	0	0	0	0	0	0	0	0	0	0	0	0	0	0	0	0	0	0	0	0	0	0	0	0	0	0	0	0	0	0	0	0	0	0	0	0	0	0	0	0	0	
12/27/2014 11:53:07 PM	0	0	8	15.33	15.47	0	350	142	4.19	4.1943	0	0	False	-0.2516667	-0.25	-0.2433333	0.25	0	0.006	33.497	33.511	-1	0.046	4.19	4.19	4.19	4.19	4.19	4.19	4.19	4.19	0	0	0	0	0	0	0	0	0	0	0	0	0	0	0	0	0	0	0	0	0	0	0	0	0	0	0	0	0	0	0	0	0	0	0	0	0	0	0	0	0	0	0	
12/27/2014 11:53:17 PM	0	0	8	15.33	15.47	0	350	152	4.19	4.1934	0	0	False	-0.25	-0.25	-0.2483333	0.25	0	0.0067	33.497	33.508	-1	0.057	4.19	4.19	4.19	4.19	4.19	4.19	4.19	4.19	0	0	0	0	0	0	0	0	0	0	0	0	0	0	0	0	0	0	0	0	0	0	0	0	0	0	0	0	0	0	0	0	0	0	0	0	0	0	0	0	0	0	0	
12/27/2014 11:53:27 PM	0	0	8	15.33	15.47	0	352	162	4.189	4.1922	0	0	False	-0.2516667	-0.25	-0.2483333	0.25	0	0.0074	33.486	33.497	-1	0.046	4.189	4.189	4.189	4.189	4.189	4.189	4.189	4.189	0	0	0	0	0	0	0	0	0	0	0	0	0	0	0	0	0	0	0	0	0	0	0	0	0	0	0	0	0	0	0	0	0	0	0	0	0	0	0	0	0	0	0	
12/27/2014 11:53:37 PM	0	0	8	15.33	15.47	0	350	172	4.188	4.1911	0	0	False	-0.2483333	-0.2516667	-0.2483333	0.25	0	0.0081	33.474	33.493	-1	0.046	4.188	4.188	4.188	4.188	4.188	4.188	4.188	4.188	0	0	0	0	0	0	0	0	0	0	0	0	0	0	0	0	0	0	0	0	0	0	0	0	0	0	0	0	0	0	0	0	0	0	0	0	0	0	0	0	0	0	0	
12/27/2014 11:53:48 PM	0	0	8	15.33	15.47	0	356	182	4.187	4.1904	0	0	False	-0.2516667	-0.2483333	-0.2516667	0.25	0	0.0088	33.474	33.485	-1	0.034	4.187	4.187	4.187	4.187	4.187	4.187	4.187	4.187	0	0	0	0	0	0	0	0	0	0	0	0	0	0	0	0	0	0	0	0	0	0	0	0	0	0	0	0	0	0	0	0	0	0	0	0	0	0	0	0	0	0	0	
12/27/2014 11:53:58 PM	0	0	8	15.33	15.47	0	352	193	4.186	4.1895	0	0	False	-0.2516667	-0.2516667	-0.2483333	0.25	0	0.0096	33.463	33.474	-1	0.046	4.186	4.186	4.186	4.186	4.186	4.186	4.186	4.186	0	0	0	0	0	0	0	0	0	0	0	0	0	0	0	0	0	0	0	0	0	0	0	0	0	0	0	0	0	0	0	0	0	0	0	0	0	0	0	0	0	0	0	
12/27/2014 11:54:08 PM	0	0	8	15.33	15.47	0	354	203	4.185	4.1885	0	0	False	-0.25	-0.2516667	-0.2533333	0.25	0	0.0102	33.451	33.47	-1	0.046	4.185	4.185	4.185	4.185	4.185	4.185	4.185	4.185	0	0	0	0	0	0	0	0	0	0	0	0	0	0	0	0	0	0	0	0	0	0	0	0	0	0	0	0	0	0	0	0	0	0	0	0	0	0	0	0	0	0	0	
12/27/2014 11:54:18 PM	0	0	8	15.33	15.47	0	356	213	4.184	4.1873	0	0	False	-0.25	-0.2483333	-0.2433333	0.25	0	0.0109	33.451	33.463	-1	0.034	4.184	4.184	4.184	4.184	4.184	4.184	4.184	4.184	0	0	0	0	0	0	0	0	0	0	0	0	0	0	0	0	0	0	0	0	0	0	0	0	0	0	0	0	0	0	0	0	0	0	0	0	0	0	0	0	0	0	0	
12/27/2014 11:54:28 PM	0	0	8	15.33	15.47	0	354	223	4.183	4.1867	0	0	False	-0.25	-0.2483333	-0.2483333	0.25	0	0.0116	33.44	33.452	-1	0.046	4.183	4.183	4.183	4.183	4.183	4.183	4.183	4.183	0	0	0	0	0	0	0	0	0	0	0	0	0	0	0	0	0	0	0	0	0	0	0	0	0	0	0	0	0	0	0	0	0	0	0	0	0	0	0	0	0	0	0	
12/27/2014 11:54:38 PM	0	0	8	15.33	15.47	0	356	233	4.182	4.1859	0	0	False	-0.2483333	-0.25	-0.2533333	0.25	0	0.0123	33.428	33.449	-1	0.046	4.182	4.182	4.182	4.182	4.182	4.182	4.182	4.182	0	0	0	0	0	0	0	0	0	0	0	0	0	0	0	0	0	0	0	0	0	0	0	0	0	0	0	0	0	0	0	0	0	0	0	0	0	0	0	0	0	0	0	
12/27/2014 11:54:48 PM	0	0	8	15.33	15.47	0	352	243	4.181	4.1848	0	0	False	-0.25	-0.25	-0.2483333	0.25	0	0.013	33.428	33.44	-1	0.046	4.181	4.181	4.181	4.181	4.181	4.181	4.181	4.181	0	0	0	0	0	0	0	0	0	0	0	0	0	0	0	0	0	0	0	0	0	0	0	0	0	0	0	0	0	0	0	0	0	0	0	0	0	0	0	0	0	0	0	
12/27/2014 11:54:59 PM	0	0	8	15.33	15.47	0	354	253	4.18	4.1835	0	0	False	-0.25	-0.25	-0.2533333	0.25	0	0.0137	33.428	33.436	-1	0.046	4.18	4.18	4.18	4.18	4.18	4.18	4.18	4.18	0	0	0	0	0	0	0	0	0	0	0	0	0	0	0	0	0	0	0	0	0	0	0	0	0	0	0	0	0	0	0	0	0	0	0	0	0	0	0	0	0	0	0	
12/27/2014 11:55:09 PM	0	0	8	15.33	15.47	0	352	263	4.18	4.1832	0	0	False	-0.25	-0.2483333	-0.2483333	0.25	0	0.0144	33.417	33.428	-1	0.034	4.18	4.18	4.18	4.18	4.18	4.18	4.18	4.18	0	0	0	0	0	0	0	0	0	0	0	0	0	0	0	0	0	0	0	0	0	0	0	0	0	0	0	0	0	0	0	0	0	0	0	0	0	0	0	0	0	0	0	
12/27/2014 11:55:19 PM	0	0	8	15.33	15.47	0	358	273	4.179	4.1822	0	0	False	-0.25	-0.2483333	-0.2533333	0.25	0	0.0151	33.405	33.417	-1	0.046	4.179	4.179	4.179	4.179	4.179	4.179	4.179	4.179	0	0	0	0	0	0	0	0	0	0	0	0	0	0	0	0	0	0	0	0	0	0	0	0	0	0	0	0	0	0	0	0	0	0	0	0	0	0	0	0	0	0	0	
12/27/2014 11:55:29 PM	0	0	8	15.33	15.47	0	354	283	4.178	4.181	0	0	False	-0.25	-0.25	-0.2483333	0.25	0	0.0158	33.405	33.415	-1	0.034	4.178	4.178	4.178	4.178	4.178	4.178	4.178	4.178	0	0	0	0	0	0	0	0	0	0	0	0	0	0	0	0	0	0	0	0	0	0	0	0	0	0	0	0	0	0	0	0	0	0	0	0	0	0	0	0	0	0	0	
12/27/2014 11:55:39 PM	0	0	8	15.33	15.47	0	352	293	4.177	4.1806	0	0	False	-0.25	-0.2516667	-0.2433333	0.25	0	0.0165	33.394	33.405	-1	0.046	4.177	4.177	4.177	4.177	4.177	4.177	4.177	4.177	0	0	0	0	0	0	0	0	0	0	0	0	0	0	0	0	0	0	0	0	0	0	0	0	0	0	0	0	0	0	0	0	0	0	0	0	0	0	0	0	0	0	0	
12/27/2014 11:55:49 PM	0	0	8	15.33	15.47	0	354	303	4.176	4.1798	0	0	False	-0.25	-0.25	-0.2483333	0.25	0	0.0173	33.394	33.402	-1	0.046	4.176	4.176	4.176	4.176	4.176	4.176	4.176	4.176	0	0	0	0	0	0	0	0	0	0	0	0	0	0	0	0	0	0	0	0	0	0	0	0	0	0	0	0	0	0	0	0	0	0	0	0	0	0	0	0	0	0	0	
12/27/2014 11:56:00 PM	0	0	8	15.33	15.47	0	352	314	4.176	4.1785	0	0	False	-0.25	-0.25	-0.2483333	0.25	0	0.018	33.382	33.394	-1	0.046	4.176	4.176	4.176	4.176	4.176	4.176	4.176	4.176	0	0	0	0	0	0	0	0	0	0	0	0	0	0	0	0	0	0	0	0	0	0	0	0	0	0	0	0	0	0	0	0	0	0	0	0	0	0	0	0	0	0	0	
12/27/2014 11:56:10 PM	0	0	8	15.33	15.47	0	354	324	4.175	4.1784	0	0	False	-0.25	-0.25	-0.2483333	0.25	0	0.0187	33.371	33.389	-1	0.046	4.175	4.175	4.175	4.175	4.175	4.175	4.175	4.175	0	0	0	0	0	0	0	0	0	0	0	0	0	0	0	0	0	0	0	0	0	0	0	0	0	0	0	0	0	0	0	0	0	0	0	0	0	0	0	0	0	0	0	
12/27/2014 11:56:20 PM	0	0	8	15.33	15.47	0	354	334	4.174	4.1772	0	0	False	-0.2516667	-0.25	-0.2433333	0.25	0	0.0193	33.359	33.381	-1	0.034	4.174	4.174	4.174	4.174	4.174	4.174	4.174	4.174	0	0	0	0	0	0	0	0	0	0	0	0	0	0	0	0	0	0	0	0	0	0	0	0	0	0	0	0	0	0	0	0	0	0	0	0	0	0	0	0	0	0	0	
12/27/2014 11:56:30 PM	0	0	8	15.33	15.47	0	356	344	4.173	4.176	0	0	False	-0.2516667	-0.25	-0.2483333	0.25	0	0.02	33.359	33.372	-1	0.034	4.173	4.173	4.173	4.173	4.173	4.173	4.173	4.173	0	0	0	0	0	0	0	0	0	0	0	0	0	0	0	0	0	0	0	0	0	0	0	0	0	0	0	0	0	0	0	0	0	0	0	0	0	0	0	0	0	0	0	
12/27/2014 11:56:40 PM	0	0	8	15.33	15.47	0	354	354	4.172	4.1758	0	0	False	-0.25	-0.2516667	-0.2516667	0.25	0	0.0207	33.359	33.371	-1	0.046	4.172	4.172	4.172	4.172	4.172	4.172	4.172	4.172	0	0	0	0	0	0	0	0	0	0	0	0	0	0	0	0	0	0	0	0	0	0	0	0	0	0	0	0	0	0	0	0	0	0	0	0	0	0	0	0	0	0	0	
12/27/2014 11:56:50 PM	0	0	8	15.33	15.47	0	356	364	4.172	4.1748	0	0	False	-0.25	-0.2516667	-0.2516667	0.25	0	0.0214	33.348	33.362	-1	0.034	4.172	4.172	4.172	4.172	4.172	4.172	4.172	4.172	0	0	0	0	0	0	0	0	0	0	0	0	0	0	0	0	0	0	0	0	0	0	0	0	0	0	0	0	0	0	0	0	0	0	0	0	0	0	0	0	0	0	0	
12/27/2014 11:57:00 PM	0	0	8	15.33	15.47	0	350	374	4.171	4.1743	0	0	False	-0.2533333	-0.2516667	-0.2483333	0.25	0	0.0221	33.336	33.359	-1	0.046	4.171	4.171	4.171	4.171	4.171	4.171	4.171	4.171	0	0	0	0	0	0	0	0	0	0	0	0	0	0	0	0	0	0	0	0	0	0	0	0	0	0	0	0	0	0	0	0	0	0	0	0	0	0	0	0	0	0	0	
12/27/2014 11:57:11 PM	0	0	8	15.33	15.47	0	358	384	4.17	4.1734	0	0	False	-0.2516667	-0.2483333	-0.2433333	0.25	0	0.0228	33.336	33.348	-1	0.046	4.17	4.17	4.17	4.17	4.17	4.17	4.17	4.17	0	0	0	0	0	0	0	0	0	0	0	0	0	0	0	0	0	0	0	0	0	0	0	0	0	0	0	0	0	0	0	0	0	0	0	0	0	0	0	0	0	0	0	
12/27/2014 11:57:21 PM	0	0	8	15.33	15.47	0	352	394	4.169	4.1723	0	0	False	-0.2516667	-0.25	-0.2483333	0.25	0	0.0235	33.325	33.345	-1	0.034	4.169	4.169	4.169	4.169	4.169	4.169	4.169	4.169	0	0	0	0	0	0	0	0	0	0	0	0	0	0	0	0	0	0	0	0	0	0	0	0	0	0	0	0	0	0	0	0	0	0	0	0	0	0	0	0	0	0	0	
12/27/2014 11:57:31 PM	0	0	8	15.33	15.47	0	354	404	4.168	4.1717	0	0	False	-0.2483333	-0.2483333	-0.2483333	0.25	0	0.0242	33.325	33.336	-1	0.046	4.168	4.168	4.168	4.168	4.168	4.168	4.168	4.168	0	0	0	0	0	0	0	0	0	0	0	0	0	0	0	0	0	0	0	0	0	0	0	0	0	0	0	0	0	0	0	0	0	0	0	0	0	0	0	0	0	0	0	
12/27/2014 11:57:41 PM	0	0	8	15.33	15.47	0	356	414	4.168	4.171	0	0	False	-0.25	-0.2483333	-0.2483333	0.25	0	0.0249	33.314	33.333	-1	0.046	4.168	4.168	4.168	4.168	4.168	4.168	4.168	4.168	0	0	0	0	0	0	0	0	0	0	0	0	0	0	0	0	0	0	0	0	0	0	0	0	0	0	0	0	0	0	0	0	0	0	0	0	0	0	0	0	0	0	0	
12/27/2014 11:57:51 PM	0	0	8	15.33	15.47	0	356	425	4.167	4.1698	0	0	False	-0.25	-0.2483333	-0.2483333	0.25	0	0.0257	33.314	33.325	-1	0.046	4.167	4.167	4.167	4.167	4.167	4.167	4.167	4.167	0	0	0	0	0	0	0	0	0	0	0	0	0	0	0	0	0	0	0	0	0	0	0	0	0	0	0	0	0	0	0	0	0	0	0	0	0	0	0	0	0	0	0	
12/27/2014 11:58:01 PM	0	0	8	15.33	15.47	0	354	435	4.166	4.1695	0	0	False	-0.2516667	-0.25	-0.2433333	0.25	0	0.0264	33.302	33.319	-1	0.046	4.166	4.166	4.166	4.166	4.166	4.166	4.166	4.166	0	0	0	0	0	0	0	0	0	0	0	0	0	0	0	0	0	0	0	0	0	0	0	0	0	0	0	0	0	0	0	0	0	0	0	0	0	0	0	0	0	0	0	
12/27/2014 11:58:11 PM	0	0	8	15.33	15.47	0	356	445	4.166	4.1685	0	0	False	-0.2516667	-0.25	-0.2433333	0.25	0	0.0271	33.302	33.313	-1	0.057	4.166	4.166	4.166	4.166	4.166	4.166	4.166	4.166	0	0	0	0	0	0	0	0	0	0	0	0	0	0	0	0	0	0	0	0	0	0	0	0	0	0	0	0	0	0	0	0	0	0	0	0	0	0	0	0	0	0	0	
12/27/2014 11:58:22 PM	0	0	8	15.33	15.47	0	358	455	4.165	4.1678	0	0	False	-0.2483333	-0.25	-0.2533333	0.25	0	0.0278	33.302	33.307	-1	0.034	4.165	4.165	4.165	4.165	4.165	4.165	4.165	4.165	0	0	0	0	0	0	0	0	0	0	0	0	0	0	0	0	0	0	0	0	0	0	0	0	0	0	0	0	0	0	0	0	0	0	0	0	0	0	0	0	0	0	0	
12/27/2014 11:58:32 PM	0	0	8	15.33	15.47	0	356	465	4.164	4.1672	0	0	False	-0.25	-0.2483333	-0.2483333	0.25	0	0.0285	33.291	33.302	-1	0.034	4.164	4.164	4.164	4.164	4.164	4.164	4.164	4.164	0	0	0	0	0	0	0	0	0	0	0	0	0	0	0	0	0	0	0	0	0	0	0	0	0	0	0	0	0	0	0	0	0	0	0	0	0	0	0	0	0	0	0	
12/27/2014 11:58:42 PM	0	0	8	15.33	15.47	0	356	475	4.163	4.1662	0	0	False	-0.25	-0.25	-0.2483333	0.25	0	0.0292	33.279	33.295	-1	0.046	4.163	4.163	4.163	4.163	4.163	4.163	4.163	4.163	0	0	0	0	0	0	0	0	0	0	0	0	0	0	0	0	0	0	0	0	0	0	0	0	0	0	0	0	0	0	0	0	0	0	0	0	0	0	0	0	0	0	0	
12/27/2014 11:58:52 PM	0	0	8	15.33	15.47	0	354	485	4.163	4.1659	0	0	False	-0.25	-0.25	-0.2433333	0.25	0	0.0299	33.279	33.291	-1	0.046	4.163	4.163	4.163	4.163	4.163	4.163	4.163	4.163	0	0	0	0	0	0	0	0	0	0	0	0	0	0	0	0	0	0	0	0	0	0	0	0	0	0	0	0	0	0	0	0	0	0	0	0	0	0	0	0	0	0	0	
12/27/2014 11:59:02 PM	0	0	8	15.33	15.47	0	356	495	4.162	4.1648	0	0	False	-0.25	-0.25	-0.2483333	0.25	0	0.0306	33.279	33.286	-1	0.046	4.162	4.162	4.162	4.162	4.162	4.162	4.162	4.162	0	0	0	0	0	0	0	0	0	0	0	0	0	0	0	0	0	0	0	0	0	0	0	0	0	0	0	0	0	0	0	0	0	0	0	0	0	0	0	0	0	0	0	
12/27/2014 11:59:12 PM	0	0	8	15.33	15.47	0	358	505	4.161	4.1645	0	0	False	-0.2483333	-0.2483333	-0.2483333	0.25	0	0.0313	33.268	33.279	-1	0.046	4.161	4.161	4.161	4.161	4.161	4.161	4.161	4.161	0	0	0	0	0	0	0	0	0	0	0	0	0	0	0	0	0	0	0	0	0	0	0	0	0	0	0	0	0	0	0	0	0	0	0	0	0	0	0	0	0	0	0	
12/27/2014 11:59:22 PM	0	0	8	15.33	15.47	0	358	515	4.16	4.1635	0	0	False	-0.2483333	-0.2483333	-0.2483333	0.25	0	0.032	33.256	33.275	-1	0.046	4.16	4.16	4.16	4.16	4.16	4.16	4.16	4.16	0	0	0	0	0	0	0	0	0	0	0	0	0	0	0	0	0	0	0	0	0	0	0	0	0	0	0	0	0	0	0	0	0	0	0	0	0	0	0	0	0	0	0	
12/27/2014 11:59:33 PM	0	0	8	15.33	15.47	0	356	525	4.16	4.163	0	0	False	-0.25	-0.2516667	-0.2483333	0.25	0	0.0327	33.256	33.268	-1	0.034	4.16	4.16	4.16	4.16	4.16	4.16	4.16	4.16	0	0	0	0	0	0	0	0	0	0	0	0	0	0	0	0	0	0	0	0	0	0	0	0	0	0	0	0	0	0	0	0	0	0	0	0	0	0	0	0	0	0	0	
12/27/2014 11:59:43 PM	0	0	8	15.33	15.47	0	358	536	4.159	4.1623	0	0	False	-0.2483333	-0.2483333	-0.2533333	0.25	0	0.0334	33.245	33.262	-1	0.046	4.159	4.159	4.159	4.159	4.159	4.159	4.159	4.159	0	0	0	0	0	0	0	0	0	0	0	0	0	0	0	0	0	0	0	0	0	0	0	0	0	0	0	0	0	0	0	0	0	0	0	0	0	0	0	0	0	0	0	
12/27/2014 11:59:53 PM	0	0	8	15.33	15.47	0	360	546	4.158	4.1616	0	0	False	-0.2483333	-0.2483333	-0.2516667	0.25	0	0.0341	33.245	33.256	-1	0.046	4.158	4.158	4.158	4.158	4.158	4.158	4.158	4.158	0	0	0	0	0	0	0	0	0	0	0	0	0	0	0	0	0	0	0	0	0	0	0	0	0	0	0	0	0	0	0	0	0	0	0	0	0	0	0	0	0	0	0	
12/28/2014 12:00:03 AM	0	0	8	15.33	15.47	0	358	556	4.158	4.161	0	0	False	-0.25	-0.25	-0.2483333	0.25	0	0.0348	33.233	33.254	-1	0.046	4.158	4.158	4.158	4.158	4.158	4.158	4.158	4.158	0	0	0	0	0	0	0	0	0	0	0	0	0	0	0	0	0	0	0	0	0	0	0	0	0	0	0	0	0	0	0	0	0	0	0	0	0	0	0	0	0	0	0	
12/28/2014 12:00:13 AM	0	0	8	15.33	15.47	0	358	566	4.157	4.1603	0	0	False	-0.25	-0.2483333	-0.2483333	0.25	0	0.0355	33.233	33.245	-1	0.046	4.157	4.157	4.157	4.157	4.157	4.157	4.157	4.157	0	0	0	0	0	0	0	0	0	0	0	0	0	0	0	0	0	0	0	0	0	0	0	0	0	0	0	0	0	0	0	0	0	0	0	0	0	0	0	0	0	0	0	
12/28/2014 12:00:23 AM	0	0	8	15.33	15.47	0	360	576	4.156	4.1597	0	0	False	-0.2516667	-0.25	-0.2516667	0.25	0	0.0362	33.222	33.239	-1	0.057	4.156	4.156	4.156	4.156	4.156	4.156	4.156	4.156	0	0	0	0	0	0	0	0	0	0	0	0	0	0	0	0	0	0	0	0	0	0	0	0	0	0	0	0	0	0	0	0	0	0	0	0	0	0	0	0	0	0	0	
12/28/2014 12:00:33 AM	0	0	8	15.33	15.47	0	358	586	4.155	4.1589	0	0	False	-0.25	-0.2516667	-0.2516667	0.25	0	0.0369	33.222	33.233	-1	0.046	4.155	4.155	4.155	4.155	4.155	4.155	4.155	4.155	0	0	0	0	0	0	0	0	0	0	0	0	0	0	0	0	0	0	0	0	0	0	0	0	0	0	0	0	0	0	0	0	0	0	0	0	0	0	0	0	0	0	0	
12/28/2014 12:00:44 AM	0	0	8	15.33	15.47	0	360	596	4.155	4.1584	0	0	False	-0.2516667	-0.25	-0.2516667	0.25	0	0.0376	33.222	33.229	-1	0.046	4.155	4.155	4.155	4.155	4.155	4.155	4.155	4.155	0	0	0	0	0	0	0	0	0	0	0	0	0	0	0	0	0	0	0	0	0	0	0	0	0	0	0	0	0	0	0	0	0	0	0	0	0	0	0	0	0	0	0	
12/28/2014 12:00:54 AM	0	0	8	15.33	15.47	0	358	605	4.154	4.1573	0	0	False	-0.25	-0.25	-0.2483333	0.25	0	0.0382	33.21	33.222	-1	0.046	4.154	4.154	4.154	4.154	4.154	4.154	4.154	4.154	0	0	0	0	0	0	0	0	0	0	0	0	0	0	0	0	0	0	0	0	0	0	0	0	0	0	0	0	0	0	0	0	0	0	0	0	0	0	0	0	0	0	0	
12/28/2014 12:01:04 AM	0	0	8	15.33	15.47	0	358	616	4.154	4.1573	0	0	False	-0.25	-0.25	-0.2433333	0.25	0	0.039	33.199	33.221	-1	0.046	4.154	4.154	4.154	4.154	4.154	4.154	4.154	4.154	0	0	0	0	0	0	0	0	0	0	0	0	0	0	0	0	0	0	0	0	0	0	0	0	0	0	0	0	0	0	0	0	0	0	0	0	0	0	0	0	0	0	0	
12/28/2014 12:01:14 AM	0	0	8	15.33	15.47	0	356	626	4.153	4.156	0	0	False	-0.2516667	-0.25	-0.2483333	0.25	0	0.0397	33.199	33.21	-1	0.046	4.153	4.153	4.153	4.153	4.153	4.153	4.153	4.153	0	0	0	0	0	0	0	0	0	0	0	0	0	0	0	0	0	0	0	0	0	0	0	0	0	0	0	0	0	0	0	0	0	0	0	0	0	0	0	0	0	0	0	
12/28/2014 12:01:24 AM	0	0	8	15.33	15.47	0	358	636	4.152	4.1552	0	0	False	-0.25	-0.25	-0.2483333	0.25	0	0.0404	33.199	33.209	-1	0.034	4.152	4.152	4.152	4.152	4.152	4.152	4.152	4.152	0	0	0	0	0	0	0	0	0	0	0	0	0	0	0	0	0	0	0	0	0	0	0	0	0	0	0	0	0	0	0	0	0	0	0	0	0	0	0	0	0	0	0	
12/28/2014 12:01:34 AM	0	0	8	15.33	15.47	0	356	646	4.151	4.1547	0	0	False	-0.2516667	-0.2516667	-0.2516667	0.25	0	0.0411	33.187	33.199	-1	0.046	4.151	4.151	4.151	4.151	4.151	4.151	4.151	4.151	0	0	0	0	0	0	0	0	0	0	0	0	0	0	0	0	0	0	0	0	0	0	0	0	0	0	0	0	0	0	0	0	0	0	0	0	0	0	0	0	0	0	0	
12/28/2014 12:01:44 AM	0	0	8	15.33	15.47	0	356	657	4.151	4.1539	0	0	False	-0.2516667	-0.25	-0.2483333	0.25	0	0.0418	33.187	33.197	-1	0.034	4.151	4.151	4.151	4.151	4.151	4.151	4.151	4.151	0	0	0	0	0	0	0	0	0	0	0	0	0	0	0	0	0	0	0	0	0	0	0	0	0	0	0	0	0	0	0	0	0	0	0	0	0	0	0	0	0	0	0	
12/28/2014 12:01:55 AM	0	0	8	15.33	15.47	0	358	667	4.15	4.1534	0	0	False	-0.25	-0.2483333	-0.2533333	0.25	0	0.0425	33.176	33.187	-1	0.046	4.15	4.15	4.15	4.15	4.15	4.15	4.15	4.15	0	0	0	0	0	0	0	0	0	0	0	0	0	0	0	0	0	0	0	0	0	0	0	0	0	0	0	0	0	0	0	0	0	0	0	0	0	0	0	0	0	0	0	
12/28/2014 12:02:05 AM	0	0	8	15.33	15.47	0	356	677	4.149	4.1523	0	0	False	-0.25	-0.2483333	-0.2483333	0.25	0	0.0432	33.176	33.187	-1	0.046	4.149	4.149	4.149	4.149	4.149	4.149	4.149	4.149	0	0	0	0	0	0	0	0	0	0	0	0	0	0	0	0	0	0	0	0	0	0	0	0	0	0	0	0	0	0	0	0	0	0	0	0	0	0	0	0	0	0	0	
12/28/2014 12:02:15 AM	0	0	8	15.33	15.47	0	358	687	4.149	4.1523	0	0	False	-0.2483333	-0.25	-0.2483333	0.25	0	0.0439	33.164	33.182	-1	0.046	4.149	4.149	4.149	4.149	4.149	4.149	4.149	4.149	0	0	0	0	0	0	0	0	0	0	0	0	0	0	0	0	0	0	0	0	0	0	0	0	0	0	0	0	0	0	0	0	0	0	0	0	0	0	0	0	0	0	0	
12/28/2014 12:02:25 AM	0	0	8	15.33	15.47	0	356	697	4.148	4.1512	0	0	False	-0.2516667	-0.2533333	-0.2533333	0.25	0	0.0446	33.164	33.176	-1	0.046	4.148	4.148	4.148	4.148	4.148	4.148	4.148	4.148	0	0	0	0	0	0	0	0	0	0	0	0	0	0	0	0	0	0	0	0	0	0	0	0	0	0	0	0	0	0	0	0	0	0	0	0	0	0	0	0	0	0	0	
12/28/2014 12:02:35 AM	0	0	8	15.33	15.47	0	364	707	4.147	4.151	0	0	False	-0.2483333	-0.2483333	-0.2533333	0.25	0	0.0453	33.153	33.174	-1	0.046	4.147	4.147	4.147	4.147	4.147	4.147	4.147	4.147	0	0	0	0	0	0	0	0	0	0	0	0	0	0	0	0	0	0	0	0	0	0	0	0	0	0	0	0	0	0	0	0	0	0	0	0	0	0	0	0	0	0	0	
12/28/2014 12:02:45 AM	0	0	8	15.33	15.47	0	358	717	4.147	4.1503	0	0	False	-0.2516667	-0.2516667	-0.2483333	0.25	0	0.046	33.153	33.164	-1	0.046	4.147	4.147	4.147	4.147	4.147	4.147	4.147	4.147	0	0	0	0	0	0	0	0	0	0	0	0	0	0	0	0	0	0	0	0	0	0	0	0	0	0	0	0	0	0	0	0	0	0	0	0	0	0	0	0	0	0	0	
12/28/2014 12:02:55 AM	0	0	8	15.33	15.47	0	356	727	4.146	4.1498	0	0	False	-0.2483333	-0.2516667	-0.2483333	0.25	0	0.0467	33.153	33.164	-1	0.034	4.146	4.146	4.146	4.146	4.146	4.146	4.146	4.146	0	0	0	0	0	0	0	0	0	0	0	0	0	0	0	0	0	0	0	0	0	0	0	0	0	0	0	0	0	0	0	0	0	0	0	0	0	0	0	0	0	0	0	
12/28/2014 12:03:06 AM	0	0	8	15.33	15.47	0	358	737	4.145	4.1491	0	0	False	-0.25	-0.25	-0.2483333	0.25	0	0.0474	33.141	33.153	-1	0.046	4.145	4.145	4.145	4.145	4.145	4.145	4.145	4.145	0	0	0	0	0	0	0	0	0	0	0	0	0	0	0	0	0	0	0	0	0	0	0	0	0	0	0	0	0	0	0	0	0	0	0	0	0	0	0	0	0	0	0	
12/28/2014 12:03:16 AM	0	0	8	15.33	15.47	0	362	747	4.145	4.1474	0	0	False	-0.25	-0.2466667	-0.2483333	0.25	0	0.0481	33.141	33.152	-1	0.034	4.145	4.145	4.145	4.145	4.145	4.145	4.145	4.145	0	0	0	0	0	0	0	0	0	0	0	0	0	0	0	0	0	0	0	0	0	0	0	0	0	0	0	0	0	0	0	0	0	0	0	0	0	0	0	0	0	0	0	
12/28/2014 12:03:26 AM	0	0	8	15.33	15.47	0	360	757	4.144	4.1472	0	0	False	-0.2516667	-0.25	-0.2483333	0.25	0	0.0488	33.13	33.142	-1	0.046	4.144	4.144	4.144	4.144	4.144	4.144	4.144	4.144	0	0	0	0	0	0	0	0	0	0	0	0	0	0	0	0	0	0	0	0	0	0	0	0	0	0	0	0	0	0	0	0	0	0	0	0	0	0	0	0	0	0	0	
12/28/2014 12:03:36 AM	0	0	8	15.33	15.47	0	358	768	4.143	4.1461	0	0	False	-0.2483333	-0.2483333	-0.2483333	0.25	0	0.0496	33.13	33.141	-1	0.034	4.143	4.143	4.143	4.143	4.143	4.143	4.143	4.143	0	0	0	0	0	0	0	0	0	0	0	0	0	0	0	0	0	0	0	0	0	0	0	0	0	0	0	0	0	0	0	0	0	0	0	0	0	0	0	0	0	0	0	
12/28/2014 12:03:46 AM	0	0	8	15.33	15.47	0	356	778	4.143	4.146	0	0	False	-0.25	-0.2533333	-0.2483333	0.25	0	0.0503	33.13	33.139	-1	0.034	4.143	4.143	4.143	4.143	4.143	4.143	4.143	4.143	0	0	0	0	0	0	0	0	0	0	0	0	0	0	0	0	0	0	0	0	0	0	0	0	0	0	0	0	0	0	0	0	0	0	0	0	0	0	0	0	0	0	0	
12/28/2014 12:03:56 AM	0	0	8	15.33	15.47	0	358	788	4.142	4.1448	0	0	False	-0.2516667	-0.2516667	-0.2483333	0.25	0	0.051	33.119	33.13	-1	0.034	4.142	4.142	4.142	4.142	4.142	4.142	4.142	4.142	0	0	0	0	0	0	0	0	0	0	0	0	0	0	0	0	0	0	0	0	0	0	0	0	0	0	0	0	0	0	0	0	0	0	0	0	0	0	0	0	0	0	0	
12/28/2014 12:04:06 AM	0	0	8	15.33	15.47	0	358	798	4.142	4.1448	0	0	False	-0.2533333	-0.2516667	-0.2483333	0.25	0	0.0516	33.119	33.128	-1	0.046	4.142	4.142	4.142	4.142	4.142	4.142	4.142	4.142	0	0	0	0	0	0	0	0	0	0	0	0	0	0	0	0	0	0	0	0	0	0	0	0	0	0	0	0	0	0	0	0	0	0	0	0	0	0	0	0	0	0	0	
12/28/2014 12:04:17 AM	0	0	8	15.33	15.47	0	358	806	4.141	4.1443	0	0	False	-0.2483333	-0.25	-0.2516667	0.25	0	0.0522	33.119	33.122	-1	0.046	4.141	4.141	4.141	4.141	4.141	4.141	4.141	4.141	0	0	0	0	0	0	0	0	0	0	0	0	0	0	0	0	0	0	0	0	0	0	0	0	0	0	0	0	0	0	0	0	0	0	0	0	0	0	0	0	0	0	0	
12/28/2014 12:04:27 AM	0	0	8	15.33	15.47	0	358	818	4.14	4.1435	0	0	False	-0.25	-0.2516667	-0.2483333	0.25	0	0.053	33.107	33.116	-1	0.034	4.14	4.14	4.14	4.14	4.14	4.14	4.14	4.14	0	0	0	0	0	0	0	0	0	0	0	0	0	0	0	0	0	0	0	0	0	0	0	0	0	0	0	0	0	0	0	0	0	0	0	0	0	0	0	0	0	0	0	
12/28/2014 12:04:37 AM	0	0	8	15.33	15.47	0	356	828	4.14	4.1427	0	0	False	-0.2516667	-0.2516667	-0.2433333	0.25	0	0.0537	33.096	33.111	-1	0.034	4.14	4.14	4.14	4.14	4.14	4.14	4.14	4.14	0	0	0	0	0	0	0	0	0	0	0	0	0	0	0	0	0	0	0	0	0	0	0	0	0	0	0	0	0	0	0	0	0	0	0	0	0	0	0	0	0	0	0	
12/28/2014 12:04:47 AM	0	0	8	15.33	15.47	0	360	838	4.139	4.1423	0	0	False	-0.2516667	-0.25	-0.2433333	0.25	0	0.0544	33.096	33.107	-1	0.046	4.139	4.139	4.139	4.139	4.139	4.139	4.139	4.139	0	0	0	0	0	0	0	0	0	0	0	0	0	0	0	0	0	0	0	0	0	0	0	0	0	0	0	0	0	0	0	0	0	0	0	0	0	0	0	0	0	0	0	
12/28/2014 12:04:57 AM	0	0	8	15.33	15.47	0	362	848	4.139	4.1415	0	0	False	-0.2483333	-0.2483333	-0.2483333	0.25	0	0.0551	33.084	33.104	-1	0.034	4.139	4.139	4.139	4.139	4.139	4.139	4.139	4.139	0	0	0	0	0	0	0	0	0	0	0	0	0	0	0	0	0	0	0	0	0	0	0	0	0	0	0	0	0	0	0	0	0	0	0	0	0	0	0	0	0	0	0	
12/28/2014 12:05:07 AM	0	0	8	15.33	15.47	0	360	858	4.138	4.141	0	0	False	-0.2483333	-0.2483333	-0.2516667	0.25	0	0.0558	33.084	33.096	-1	0.046	4.138	4.138	4.138	4.138	4.138	4.138	4.138	4.138	0	0	0	0	0	0	0	0	0	0	0	0	0	0	0	0	0	0	0	0	0	0	0	0	0	0	0	0	0	0	0	0	0	0	0	0	0	0	0	0	0	0	0	
12/28/2014 12:05:17 AM	0	0	8	15.33	15.47	0	362	868	4.137	4.1405	0	0	False	-0.25	-0.25	-0.2516667	0.25	0	0.0565	33.084	33.096	-1	0.034	4.137	4.137	4.137	4.137	4.137	4.137	4.137	4.137	0	0	0	0	0	0	0	0	0	0	0	0	0	0	0	0	0	0	0	0	0	0	0	0	0	0	0	0	0	0	0	0	0	0	0	0	0	0	0	0	0	0	0	
12/28/2014 12:05:28 AM	0	0	8	15.33	15.47	0	360	878	4.137	4.1398	0	0	False	-0.25	-0.25	-0.2483333	0.25	0	0.0572	33.073	33.088	-1	0.046	4.137	4.137	4.137	4.137	4.137	4.137	4.137	4.137	0	0	0	0	0	0	0	0	0	0	0	0	0	0	0	0	0	0	0	0	0	0	0	0	0	0	0	0	0	0	0	0	0	0	0	0	0	0	0	0	0	0	0	
12/28/2014 12:05:38 AM	0	0	8	15.33	15.47	0	364	889	4.136	4.1395	0	0	False	-0.25	-0.2483333	-0.2483333	0.25	0	0.058	33.073	33.084	-1	0.034	4.136	4.136	4.136	4.136	4.136	4.136	4.136	4.136	0	0	0	0	0	0	0	0	0	0	0	0	0	0	0	0	0	0	0	0	0	0	0	0	0	0	0	0	0	0	0	0	0	0	0	0	0	0	0	0	0	0	0	
12/28/2014 12:05:48 AM	0	0	8	15.33	15.47	0	362	899	4.136	4.1385	0	0	False	-0.25	-0.2483333	-0.2483333	0.25	0	0.0587	33.073	33.081	-1	0.034	4.136	4.136	4.136	4.136	4.136	4.136	4.136	4.136	0	0	0	0	0	0	0	0	0	0	0	0	0	0	0	0	0	0	0	0	0	0	0	0	0	0	0	0	0	0	0	0	0	0	0	0	0	0	0	0	0	0	0	
12/28/2014 12:05:58 AM	0	0	8	15.33	15.47	0	360	909	4.135	4.1383	0	0	False	-0.2516667	-0.25	-0.2533333	0.25	0	0.0594	33.061	33.073	-1	0.046	4.135	4.135	4.135	4.135	4.135	4.135	4.135	4.135	0	0	0	0	0	0	0	0	0	0	0	0	0	0	0	0	0	0	0	0	0	0	0	0	0	0	0	0	0	0	0	0	0	0	0	0	0	0	0	0	0	0	0	
12/28/2014 12:06:08 AM	0	0	8	15.33	15.47	0	362	919	4.135	4.1373	0	0	False	-0.25	-0.2483333	-0.2483333	0.25	0	0.06	33.061	33.073	-1	0.034	4.135	4.135	4.135	4.135	4.135	4.135	4.135	4.135	0	0	0	0	0	0	0	0	0	0	0	0	0	0	0	0	0	0	0	0	0	0	0	0	0	0	0	0	0	0	0	0	0	0	0	0	0	0	0	0	0	0	0	
12/28/2014 12:06:18 AM	0	0	8	15.33	15.47	0	364	929	4.134	4.137	0	0	False	-0.2516667	-0.2483333	-0.2533333	0.25	0	0.0607	33.061	33.068	-1	0.034	4.134	4.134	4.134	4.134	4.134	4.134	4.134	4.134	0	0	0	0	0	0	0	0	0	0	0	0	0	0	0	0	0	0	0	0	0	0	0	0	0	0	0	0	0	0	0	0	0	0	0	0	0	0	0	0	0	0	0	
12/28/2014 12:06:28 AM	0	0	8	15.33	15.47	0	360	939	4.133	4.1361	0	0	False	-0.25	-0.25	-0.2483333	0.25	0	0.0614	33.05	33.061	-1	0.034	4.133	4.133	4.133	4.133	4.133	4.133	4.133	4.133	0	0	0	0	0	0	0	0	0	0	0	0	0	0	0	0	0	0	0	0	0	0	0	0	0	0	0	0	0	0	0	0	0	0	0	0	0	0	0	0	0	0	0	
12/28/2014 12:06:39 AM	0	0	8	15.33	15.47	0	364	948	4.133	4.1359	0	0	False	-0.2483333	-0.2483333	-0.2516667	0.25	0	0.0621	33.05	33.058	-1	0.034	4.133	4.133	4.133	4.133	4.133	4.133	4.133	4.133	0	0	0	0	0	0	0	0	0	0	0	0	0	0	0	0	0	0	0	0	0	0	0	0	0	0	0	0	0	0	0	0	0	0	0	0	0	0	0	0	0	0	0	
12/28/2014 12:06:49 AM	0	0	8	15.33	15.47	0	360	959	4.132	4.1352	0	0	False	-0.25	-0.25	-0.2483333	0.25	0	0.0628	33.038	33.05	-1	0.034	4.132	4.132	4.132	4.132	4.132	4.132	4.132	4.132	0	0	0	0	0	0	0	0	0	0	0	0	0	0	0	0	0	0	0	0	0	0	0	0	0	0	0	0	0	0	0	0	0	0	0	0	0	0	0	0	0	0	0	
12/28/2014 12:06:59 AM	0	0	8	15.33	15.47	0	362	969	4.131	4.1348	0	0	False	-0.25	-0.2483333	-0.2483333	0.25	0	0.0635	33.038	33.05	-1	0.034	4.131	4.131	4.131	4.131	4.131	4.131	4.131	4.131	0	0	0	0	0	0	0	0	0	0	0	0	0	0	0	0	0	0	0	0	0	0	0	0	0	0	0	0	0	0	0	0	0	0	0	0	0	0	0	0	0	0	0	
12/28/2014 12:07:09 AM	0	0	8	15.33	15.47	0	358	979	4.131	4.1344	0	0	False	-0.2483333	-0.2516667	-0.2483333	0.25	0	0.0642	33.038	33.045	-1	0.034	4.131	4.131	4.131	4.131	4.131	4.131	4.131	4.131	0	0	0	0	0	0	0	0	0	0	0	0	0	0	0	0	0	0	0	0	0	0	0	0	0	0	0	0	0	0	0	0	0	0	0	0	0	0	0	0	0	0	0	
12/28/2014 12:07:19 AM	0	0	8	15.33	15.47	0	360	989	4.13	4.1335	0	0	False	-0.25	-0.2516667	-0.2483333	0.25	0	0.0649	33.027	33.038	-1	0.034	4.13	4.13	4.13	4.13	4.13	4.13	4.13	4.13	0	0	0	0	0	0	0	0	0	0	0	0	0	0	0	0	0	0	0	0	0	0	0	0	0	0	0	0	0	0	0	0	0	0	0	0	0	0	0	0	0	0	0	
12/28/2014 12:07:29 AM	0	0	8	15.33	15.47	0	358	999	4.13	4.1334	0	0	False	-0.25	-0.2533333	-0.2533333	0.25	0	0.0657	33.027	33.036	-1	0.034	4.13	4.13	4.13	4.13	4.13	4.13	4.13	4.13	0	0	0	0	0	0	0	0	0	0	0	0	0	0	0	0	0	0	0	0	0	0	0	0	0	0	0	0	0	0	0	0	0	0	0	0	0	0	0	0	0	0	0	
12/28/2014 12:07:39 AM	0	0	8	15.33	15.47	0	364	1010	4.129	4.1323	0	0	False	-0.2483333	-0.2483333	-0.2483333	0.25	0	0.0664	33.015	33.029	-1	0.023	4.129	4.129	4.129	4.129	4.129	4.129	4.129	4.129	0	0	0	0	0	0	0	0	0	0	0	0	0	0	0	0	0	0	0	0	0	0	0	0	0	0	0	0	0	0	0	0	0	0	0	0	0	0	0	0	0	0	0	
12/28/2014 12:07:50 AM	0	0	8	15.33	15.47	0	362	1020	4.129	4.1322	0	0	False	-0.25	-0.25	-0.2516667	0.25	0	0.0671	33.015	33.027	-1	0.034	4.129	4.129	4.129	4.129	4.129	4.129	4.129	4.129	0	0	0	0	0	0	0	0	0	0	0	0	0	0	0	0	0	0	0	0	0	0	0	0	0	0	0	0	0	0	0	0	0	0	0	0	0	0	0	0	0	0	0	
12/28/2014 12:08:00 AM	0	0	8	15.33	15.47	0	362	1030	4.128	4.1311	0	0	False	-0.25	-0.25	-0.2516667	0.25	0	0.0678	33.004	33.023	-1	0.046	4.128	4.128	4.128	4.128	4.128	4.128	4.128	4.128	0	0	0	0	0	0	0	0	0	0	0	0	0	0	0	0	0	0	0	0	0	0	0	0	0	0	0	0	0	0	0	0	0	0	0	0	0	0	0	0	0	0	0	
12/28/2014 12:08:10 AM	0	0	8	15.31	15.45	0	360	1040	4.128	4.131	0	0	False	-0.25	-0.2483333	-0.2516667	0.25	0	0.0685	33.004	33.015	-1	0.034	4.128	4.128	4.128	4.128	4.128	4.128	4.128	4.128	0	0	0	0	0	0	0	0	0	0	0	0	0	0	0	0	0	0	0	0	0	0	0	0	0	0	0	0	0	0	0	0	0	0	0	0	0	0	0	0	0	0	0	
12/28/2014 12:08:20 AM	0	0	8	15.32	15.45	0	358	1050	4.127	4.1301	0	0	False	-0.25	-0.2483333	-0.2433333	0.25	0	0.0692	33.004	33.013	-1	0.034	4.127	4.127	4.127	4.127	4.127	4.127	4.127	4.127	0	0	0	0	0	0	0	0	0	0	0	0	0	0	0	0	0	0	0	0	0	0	0	0	0	0	0	0	0	0	0	0	0	0	0	0	0	0	0	0	0	0	0	
12/28/2014 12:08:30 AM	0	0	8	15.32	15.45	0	356	1060	4.127	4.1298	0	0	False	-0.25	-0.2516667	-0.2483333	0.25	0	0.0698	32.992	33.005	-1	0.046	4.127	4.127	4.127	4.127	4.127	4.127	4.127	4.127	0	0	0	0	0	0	0	0	0	0	0	0	0	0	0	0	0	0	0	0	0	0	0	0	0	0	0	0	0	0	0	0	0	0	0	0	0	0	0	0	0	0	0	
12/28/2014 12:08:40 AM	0	0	8	15.31	15.45	0	350	1070	4.126	4.1297	0	0	False	-0.2533333	-0.2533333	-0.2516667	0.25	0	0.0705	32.992	33.004	-1	0.034	4.126	4.126	4.126	4.126	4.126	4.126	4.126	4.126	0	0	0	0	0	0	0	0	0	0	0	0	0	0	0	0	0	0	0	0	0	0	0	0	0	0	0	0	0	0	0	0	0	0	0	0	0	0	0	0	0	0	0	
12/28/2014 12:08:50 AM	0	0	8	15.31	15.45	0	348	1078	4.126	4.129	0	0	False	-0.2516667	-0.2533333	-0.2516667	0.25	0	0.0711	32.992	33.003	-1	0.034	4.126	4.126	4.126	4.126	4.126	4.126	4.126	4.126	0	0	0	0	0	0	0	0	0	0	0	0	0	0	0	0	0	0	0	0	0	0	0	0	0	0	0	0	0	0	0	0	0	0	0	0	0	0	0	0	0	0	0	
12/28/2014 12:09:01 AM	0	0	8	15.31	15.45	0	352	1090	4.125	4.1285	0	0	False	-0.2516667	-0.25	-0.2483333	0.25	0	0.072	32.992	32.992	-1	0.034	4.125	4.125	4.125	4.125	4.125	4.125	4.125	4.125	0	0	0	0	0	0	0	0	0	0	0	0	0	0	0	0	0	0	0	0	0	0	0	0	0	0	0	0	0	0	0	0	0	0	0	0	0	0	0	0	0	0	0	
12/28/2014 12:09:11 AM	0	0	8	15.31	15.45	0	350	1100	4.124	4.1275	0	0	False	-0.2516667	-0.2516667	-0.2483333	0.25	0	0.0726	32.981	32.992	-1	0.034	4.124	4.124	4.124	4.124	4.124	4.124	4.124	4.124	0	0	0	0	0	0	0	0	0	0	0	0	0	0	0	0	0	0	0	0	0	0	0	0	0	0	0	0	0	0	0	0	0	0	0	0	0	0	0	0	0	0	0	
12/28/2014 12:09:21 AM	0	0	8	15.31	15.45	0	352	1110	4.124	4.1273	0	0	False	-0.25	-0.2483333	-0.2616667	0.25	0	0.0733	32.969	32.989	-1	0.046	4.124	4.124	4.124	4.124	4.124	4.124	4.124	4.124	0	0	0	0	0	0	0	0	0	0	0	0	0	0	0	0	0	0	0	0	0	0	0	0	0	0	0	0	0	0	0	0	0	0	0	0	0	0	0	0	0	0	0	
12/28/2014 12:09:31 AM	0	0	8	15.31	15.45	0	352	1121	4.123	4.1267	0	0	False	-0.25	-0.2483333	-0.2433333	0.25	0	0.0741	32.969	32.981	-1	0.034	4.123	4.123	4.123	4.123	4.123	4.123	4.123	4.123	0	0	0	0	0	0	0	0	0	0	0	0	0	0	0	0	0	0	0	0	0	0	0	0	0	0	0	0	0	0	0	0	0	0	0	0	0	0	0	0	0	0	0	
12/28/2014 12:09:41 AM	0	0	8	15.31	15.45	0	346	1131	4.123	4.126	0	0	False	-0.2516667	-0.2533333	-0.2483333	0.25	0	0.0748	32.969	32.98	-1	0.034	4.123	4.123	4.123	4.123	4.123	4.123	4.123	4.123	0	0	0	0	0	0	0	0	0	0	0	0	0	0	0	0	0	0	0	0	0	0	0	0	0	0	0	0	0	0	0	0	0	0	0	0	0	0	0	0	0	0	0	
12/28/2014 12:09:51 AM	0	0	8	15.31	15.45	0	348	1141	4.122	4.1259	0	0	False	-0.2516667	-0.2533333	-0.2483333	0.25	0	0.0755	32.958	32.97	-1	0.034	4.122	4.122	4.122	4.122	4.122	4.122	4.122	4.122	0	0	0	0	0	0	0	0	0	0	0	0	0	0	0	0	0	0	0	0	0	0	0	0	0	0	0	0	0	0	0	0	0	0	0	0	0	0	0	0	0	0	0	
12/28/2014 12:10:02 AM	0	0	8	15.31	15.45	0	342	1151	4.122	4.125	0	0	False	-0.2516667	-0.2533333	-0.2433333	0.25	0	0.0762	32.958	32.969	-1	0.034	4.122	4.122	4.122	4.122	4.122	4.122	4.122	4.122	0	0	0	0	0	0	0	0	0	0	0	0	0	0	0	0	0	0	0	0	0	0	0	0	0	0	0	0	0	0	0	0	0	0	0	0	0	0	0	0	0	0	0	
12/28/2014 12:10:12 AM	0	0	8	15.31	15.45	0	348	1161	4.121	4.1248	0	0	False	-0.2533333	-0.2516667	-0.2533333	0.25	0	0.0769	32.958	32.964	-1	0.034	4.121	4.121	4.121	4.121	4.121	4.121	4.121	4.121	0	0	0	0	0	0	0	0	0	0	0	0	0	0	0	0	0	0	0	0	0	0	0	0	0	0	0	0	0	0	0	0	0	0	0	0	0	0	0	0	0	0	0	
12/28/2014 12:10:22 AM	0	0	8	15.31	15.45	0	348	1171	4.121	4.1245	0	0	False	-0.2516667	-0.2516667	-0.2483333	0.25	0	0.0776	32.947	32.958	-1	0.034	4.121	4.121	4.121	4.121	4.121	4.121	4.121	4.121	0	0	0	0	0	0	0	0	0	0	0	0	0	0	0	0	0	0	0	0	0	0	0	0	0	0	0	0	0	0	0	0	0	0	0	0	0	0	0	0	0	0	0	
12/28/2014 12:10:32 AM	0	0	8	15.31	15.45	0	354	1181	4.12	4.1235	0	0	False	-0.25	-0.2483333	-0.2533333	0.25	0	0.0783	32.947	32.955	-1	0.034	4.12	4.12	4.12	4.12	4.12	4.12	4.12	4.12	0	0	0	0	0	0	0	0	0	0	0	0	0	0	0	0	0	0	0	0	0	0	0	0	0	0	0	0	0	0	0	0	0	0	0	0	0	0	0	0	0	0	0	
12/28/2014 12:10:42 AM	0	0	8	15.31	15.45	0	352	1191	4.12	4.1234	0	0	False	-0.2483333	-0.2516667	-0.2533333	0.25	0	0.079	32.947	32.947	-1	0.034	4.12	4.12	4.12	4.12	4.12	4.12	4.12	4.12	0	0	0	0	0	0	0	0	0	0	0	0	0	0	0	0	0	0	0	0	0	0	0	0	0	0	0	0	0	0	0	0	0	0	0	0	0	0	0	0	0	0	0	
12/28/2014 12:10:52 AM	0	0	8	15.31	15.45	0	350	1201	4.119	4.1224	0	0	False	-0.25	-0.25	-0.2616667	0.25	0	0.0797	32.935	32.947	-1	0.046	4.119	4.119	4.119	4.119	4.119	4.119	4.119	4.119	0	0	0	0	0	0	0	0	0	0	0	0	0	0	0	0	0	0	0	0	0	0	0	0	0	0	0	0	0	0	0	0	0	0	0	0	0	0	0	0	0	0	0	
12/28/2014 12:11:02 AM	0	0	8	15.31	15.45	0	350	1211	4.119	4.1223	0	0	False	-0.2516667	-0.2533333	-0.2433333	0.25	0	0.0804	32.935	32.946	-1	0.034	4.119	4.119	4.119	4.119	4.119	4.119	4.119	4.119	0	0	0	0	0	0	0	0	0	0	0	0	0	0	0	0	0	0	0	0	0	0	0	0	0	0	0	0	0	0	0	0	0	0	0	0	0	0	0	0	0	0	0	
12/28/2014 12:11:13 AM	0	0	8	15.31	15.45	0	352	1221	4.118	4.122	0	0	False	-0.25	-0.2516667	-0.2616667	0.25	0	0.0811	32.924	32.935	-1	0.046	4.118	4.118	4.118	4.118	4.118	4.118	4.118	4.118	0	0	0	0	0	0	0	0	0	0	0	0	0	0	0	0	0	0	0	0	0	0	0	0	0	0	0	0	0	0	0	0	0	0	0	0	0	0	0	0	0	0	0	
12/28/2014 12:11:23 AM	0	0	8	15.31	15.45	0	350	1231	4.118	4.1213	0	0	False	-0.25	-0.25	-0.2533333	0.25	0	0.0818	32.924	32.935	-1	0.046	4.118	4.118	4.118	4.118	4.118	4.118	4.118	4.118	0	0	0	0	0	0	0	0	0	0	0	0	0	0	0	0	0	0	0	0	0	0	0	0	0	0	0	0	0	0	0	0	0	0	0	0	0	0	0	0	0	0	0	
12/28/2014 12:11:33 AM	0	0	8	15.31	15.45	0	348	1242	4.117	4.121	0	0	False	-0.25	-0.25	-0.2483333	0.25	0	0.0825	32.912	32.934	-1	0.034	4.117	4.117	4.117	4.117	4.117	4.117	4.117	4.117	0	0	0	0	0	0	0	0	0	0	0	0	0	0	0	0	0	0	0	0	0	0	0	0	0	0	0	0	0	0	0	0	0	0	0	0	0	0	0	0	0	0	0	
12/28/2014 12:11:43 AM	0	0	8	15.31	15.45	0	346	1252	4.117	4.1208	0	0	False	-0.2516667	-0.2516667	-0.2433333	0.25	0	0.0832	32.912	32.929	-1	0.046	4.117	4.117	4.117	4.117	4.117	4.117	4.117	4.117	0	0	0	0	0	0	0	0	0	0	0	0	0	0	0	0	0	0	0	0	0	0	0	0	0	0	0	0	0	0	0	0	0	0	0	0	0	0	0	0	0	0	0	
12/28/2014 12:11:53 AM	0	0	8	15.31	15.45	0	346	1262	4.117	4.1198	0	0	False	-0.255	-0.2533333	-0.2483333	0.25	0	0.0839	32.912	32.924	-1	0.046	4.117	4.117	4.117	4.117	4.117	4.117	4.117	4.117	0	0	0	0	0	0	0	0	0	0	0	0	0	0	0	0	0	0	0	0	0	0	0	0	0	0	0	0	0	0	0	0	0	0	0	0	0	0	0	0	0	0	0	
12/28/2014 12:12:03 AM	0	0	8	15.31	15.45	0	346	1270	4.116	4.1198	0	0	False	-0.25	-0.2516667	-0.2483333	0.25	0	0.0845	32.901	32.922	-1	0.034	4.116	4.116	4.116	4.116	4.116	4.116	4.116	4.116	0	0	0	0	0	0	0	0	0	0	0	0	0	0	0	0	0	0	0	0	0	0	0	0	0	0	0	0	0	0	0	0	0	0	0	0	0	0	0	0	0	0	0	
12/28/2014 12:12:13 AM	0	0	8	15.31	15.45	0	342	1282	4.116	4.1196	0	0	False	-0.2516667	-0.2516667	-0.2483333	0.25	0	0.0853	32.901	32.912	-1	0.046	4.116	4.116	4.116	4.116	4.116	4.116	4.116	4.116	0	0	0	0	0	0	0	0	0	0	0	0	0	0	0	0	0	0	0	0	0	0	0	0	0	0	0	0	0	0	0	0	0	0	0	0	0	0	0	0	0	0	0	
12/28/2014 12:12:24 AM	0	0	8	15.31	15.45	0	352	1292	4.115	4.1185	0	0	False	-0.2483333	-0.2483333	-0.2516667	0.25	0	0.086	32.901	32.912	-1	0.046	4.115	4.115	4.115	4.115	4.115	4.115	4.115	4.115	0	0	0	0	0	0	0	0	0	0	0	0	0	0	0	0	0	0	0	0	0	0	0	0	0	0	0	0	0	0	0	0	0	0	0	0	0	0	0	0	0	0	0	
12/28/2014 12:12:34 AM	0	0	8	15.31	15.45	0	342	1302	4.115	4.1185	0	0	False	-0.2516667	-0.2533333	-0.2483333	0.25	0	0.0867	32.889	32.911	-1	0.046	4.115	4.115	4.115	4.115	4.115	4.115	4.115	4.115	0	0	0	0	0	0	0	0	0	0	0	0	0	0	0	0	0	0	0	0	0	0	0	0	0	0	0	0	0	0	0	0	0	0	0	0	0	0	0	0	0	0	0	
12/28/2014 12:12:44 AM	0	0	8	15.31	15.45	0	346	1312	4.114	4.1182	0	0	False	-0.2516667	-0.2516667	-0.2483333	0.25	0	0.0874	32.901	32.902	-1	0.046	4.114	4.114	4.114	4.114	4.114	4.114	4.114	4.114	0	0	0	0	0	0	0	0	0	0	0	0	0	0	0	0	0	0	0	0	0	0	0	0	0	0	0	0	0	0	0	0	0	0	0	0	0	0	0	0	0	0	0	
12/28/2014 12:12:54 AM	0	0	8	15.31	15.45	0	348	1322	4.114	4.1173	0	0	False	-0.25	-0.25	-0.2433333	0.25	0	0.0881	32.889	32.901	-1	0.046	4.114	4.114	4.114	4.114	4.114	4.114	4.114	4.114	0	0	0	0	0	0	0	0	0	0	0	0	0	0	0	0	0	0	0	0	0	0	0	0	0	0	0	0	0	0	0	0	0	0	0	0	0	0	0	0	0	0	0	
12/28/2014 12:13:04 AM	0	0	8	15.31	15.45	0	346	1332	4.114	4.1173	0	0	False	-0.2483333	-0.2516667	-0.2483333	0.25	0	0.0888	32.889	32.9	-1	0.034	4.114	4.114	4.114	4.114	4.114	4.114	4.114	4.114	0	0	0	0	0	0	0	0	0	0	0	0	0	0	0	0	0	0	0	0	0	0	0	0	0	0	0	0	0	0	0	0	0	0	0	0	0	0	0	0	0	0	0	
12/28/2014 12:13:14 AM	0	0	8	15.31	15.45	0	348	1342	4.113	4.1165	0	0	False	-0.2516667	-0.2483333	-0.2516667	0.25	0	0.0895	32.878	32.896	-1	0.046	4.113	4.113	4.113	4.113	4.113	4.113	4.113	4.113	0	0	0	0	0	0	0	0	0	0	0	0	0	0	0	0	0	0	0	0	0	0	0	0	0	0	0	0	0	0	0	0	0	0	0	0	0	0	0	0	0	0	0	
12/28/2014 12:13:24 AM	0	0	8	15.31	15.45	0	348	1353	4.113	4.116	0	0	False	-0.2533333	-0.2533333	-0.2516667	0.25	0	0.0903	32.878	32.889	-1	0.046	4.113	4.113	4.113	4.113	4.113	4.113	4.113	4.113	0	0	0	0	0	0	0	0	0	0	0	0	0	0	0	0	0	0	0	0	0	0	0	0	0	0	0	0	0	0	0	0	0	0	0	0	0	0	0	0	0	0	0	
12/28/2014 12:13:35 AM	0	0	8	15.31	15.45	0	346	1363	4.112	4.116	0	0	False	-0.25	-0.2516667	-0.2616667	0.25	0	0.0909	32.878	32.888	-1	0.046	4.112	4.112	4.112	4.112	4.112	4.112	4.112	4.112	0	0	0	0	0	0	0	0	0	0	0	0	0	0	0	0	0	0	0	0	0	0	0	0	0	0	0	0	0	0	0	0	0	0	0	0	0	0	0	0	0	0	0	
12/28/2014 12:13:45 AM	0	0	8	15.31	15.45	0	344	1373	4.112	4.1158	0	0	False	-0.2516667	-0.2533333	-0.2433333	0.25	0	0.0916	32.878	32.886	-1	0.046	4.112	4.112	4.112	4.112	4.112	4.112	4.112	4.112	0	0	0	0	0	0	0	0	0	0	0	0	0	0	0	0	0	0	0	0	0	0	0	0	0	0	0	0	0	0	0	0	0	0	0	0	0	0	0	0	0	0	0	
12/28/2014 12:13:55 AM	0	0	8	15.31	15.45	0	346	1383	4.111	4.1148	0	0	False	-0.2516667	-0.2483333	-0.2433333	0.25	0	0.0923	32.866	32.877	-1	0.057	4.111	4.111	4.111	4.111	4.111	4.111	4.111	4.111	0	0	0	0	0	0	0	0	0	0	0	0	0	0	0	0	0	0	0	0	0	0	0	0	0	0	0	0	0	0	0	0	0	0	0	0	0	0	0	0	0	0	0	
12/28/2014 12:14:05 AM	0	0	8	15.31	15.45	0	344	1393	4.111	4.1148	0	0	False	-0.2516667	-0.2516667	-0.2483333	0.25	0	0.093	32.866	32.878	-1	0.046	4.111	4.111	4.111	4.111	4.111	4.111	4.111	4.111	0	0	0	0	0	0	0	0	0	0	0	0	0	0	0	0	0	0	0	0	0	0	0	0	0	0	0	0	0	0	0	0	0	0	0	0	0	0	0	0	0	0	0	
12/28/2014 12:14:15 AM	0	0	8	15.31	15.45	0	348	1403	4.111	4.1142	0	0	False	-0.25	-0.2483333	-0.2433333	0.25	0	0.0937	32.866	32.873	-1	0.046	4.111	4.111	4.111	4.111	4.111	4.111	4.111	4.111	0	0	0	0	0	0	0	0	0	0	0	0	0	0	0	0	0	0	0	0	0	0	0	0	0	0	0	0	0	0	0	0	0	0	0	0	0	0	0	0	0	0	0	
12/28/2014 12:14:25 AM	0	0	8	15.31	15.45	0	350	1413	4.11	4.1135	0	0	False	-0.2483333	-0.2483333	-0.2483333	0.25	0	0.0944	32.866	32.866	-1	0.046	4.11	4.11	4.11	4.11	4.11	4.11	4.11	4.11	0	0	0	0	0	0	0	0	0	0	0	0	0	0	0	0	0	0	0	0	0	0	0	0	0	0	0	0	0	0	0	0	0	0	0	0	0	0	0	0	0	0	0	
12/28/2014 12:14:35 AM	0	0	8	15.31	15.45	0	344	1423	4.11	4.1135	0	0	False	-0.25	-0.2533333	-0.2533333	0.25	0	0.0951	32.855	32.866	-1	0.046	4.11	4.11	4.11	4.11	4.11	4.11	4.11	4.11	0	0	0	0	0	0	0	0	0	0	0	0	0	0	0	0	0	0	0	0	0	0	0	0	0	0	0	0	0	0	0	0	0	0	0	0	0	0	0	0	0	0	0	
12/28/2014 12:14:46 AM	0	0	8	15.31	15.45	0	346	1433	4.11	4.1133	0	0	False	-0.2483333	-0.25	-0.2433333	0.25	0	0.0958	32.855	32.865	-1	0.046	4.11	4.11	4.11	4.11	4.11	4.11	4.11	4.11	0	0	0	0	0	0	0	0	0	0	0	0	0	0	0	0	0	0	0	0	0	0	0	0	0	0	0	0	0	0	0	0	0	0	0	0	0	0	0	0	0	0	0	
12/28/2014 12:14:56 AM	0	0	8	15.31	15.45	0	346	1443	4.109	4.1125	0	0	False	-0.2516667	-0.2516667	-0.2483333	0.25	0	0.0965	32.843	32.862	-1	0.057	4.109	4.109	4.109	4.109	4.109	4.109	4.109	4.109	0	0	0	0	0	0	0	0	0	0	0	0	0	0	0	0	0	0	0	0	0	0	0	0	0	0	0	0	0	0	0	0	0	0	0	0	0	0	0	0	0	0	0	
12/28/2014 12:15:06 AM	0	0	8	15.31	15.45	0	348	1453	4.109	4.1123	0	0	False	-0.2516667	-0.2466667	-0.2433333	0.25	0	0.0972	32.843	32.855	-1	0.034	4.109	4.109	4.109	4.109	4.109	4.109	4.109	4.109	0	0	0	0	0	0	0	0	0	0	0	0	0	0	0	0	0	0	0	0	0	0	0	0	0	0	0	0	0	0	0	0	0	0	0	0	0	0	0	0	0	0	0	
12/28/2014 12:15:16 AM	0	0	8	15.31	15.45	0	350	1463	4.108	4.1122	0	0	False	-0.2483333	-0.2483333	-0.2483333	0.25	0	0.098	32.843	32.855	-1	0.046	4.108	4.108	4.108	4.108	4.108	4.108	4.108	4.108	0	0	0	0	0	0	0	0	0	0	0	0	0	0	0	0	0	0	0	0	0	0	0	0	0	0	0	0	0	0	0	0	0	0	0	0	0	0	0	0	0	0	0	
12/28/2014 12:15:26 AM	0	0	8	15.31	15.45	0	346	1472	4.108	4.1119	0	0	False	-0.25	-0.25	-0.2516667	0.25	0	0.0985	32.843	32.853	-1	0.057	4.108	4.108	4.108	4.108	4.108	4.108	4.108	4.108	0	0	0	0	0	0	0	0	0	0	0	0	0	0	0	0	0	0	0	0	0	0	0	0	0	0	0	0	0	0	0	0	0	0	0	0	0	0	0	0	0	0	0	
12/28/2014 12:15:36 AM	0	0	8	15.31	15.45	0	346	1484	4.107	4.111	0	0	False	-0.2483333	-0.2483333	-0.2616667	0.25	0	0.0994	32.843	32.847	-1	0.046	4.107	4.107	4.107	4.107	4.107	4.107	4.107	4.107	0	0	0	0	0	0	0	0	0	0	0	0	0	0	0	0	0	0	0	0	0	0	0	0	0	0	0	0	0	0	0	0	0	0	0	0	0	0	0	0	0	0	0	
12/28/2014 12:15:46 AM	0	0	8	15.31	15.45	0	346	1494	4.107	4.111	0	0	False	-0.2483333	-0.2483333	-0.2483333	0.25	0	0.1	32.832	32.843	-1	0.046	4.107	4.107	4.107	4.107	4.107	4.107	4.107	4.107	0	0	0	0	0	0	0	0	0	0	0	0	0	0	0	0	0	0	0	0	0	0	0	0	0	0	0	0	0	0	0	0	0	0	0	0	0	0	0	0	0	0	0	
12/28/2014 12:15:57 AM	0	0	8	15.31	15.45	0	344	1504	4.107	4.1108	0	0	False	-0.25	-0.2516667	-0.2516667	0.25	0	0.1007	32.832	32.843	-1	0.046	4.107	4.107	4.107	4.107	4.107	4.107	4.107	4.107	0	0	0	0	0	0	0	0	0	0	0	0	0	0	0	0	0	0	0	0	0	0	0	0	0	0	0	0	0	0	0	0	0	0	0	0	0	0	0	0	0	0	0	
12/28/2014 12:16:07 AM	0	0	8	15.31	15.45	0	346	1514	4.106	4.1098	0	0	False	-0.25	-0.2516667	-0.2516667	0.25	0	0.1014	32.832	32.839	-1	0.046	4.106	4.106	4.106	4.106	4.106	4.106	4.106	4.106	0	0	0	0	0	0	0	0	0	0	0	0	0	0	0	0	0	0	0	0	0	0	0	0	0	0	0	0	0	0	0	0	0	0	0	0	0	0	0	0	0	0	0	
12/28/2014 12:16:17 AM	0	0	8	15.31	15.45	0	344	1524	4.106	4.1098	0	0	False	-0.2483333	-0.25	-0.2483333	0.25	0	0.1021	32.82	32.832	-1	0.034	4.106	4.106	4.106	4.106	4.106	4.106	4.106	4.106	0	0	0	0	0	0	0	0	0	0	0	0	0	0	0	0	0	0	0	0	0	0	0	0	0	0	0	0	0	0	0	0	0	0	0	0	0	0	0	0	0	0	0	
12/28/2014 12:16:27 AM	0	0	8	15.3	15.45	0	346	1534	4.106	4.1097	0	0	False	-0.25	-0.2516667	-0.2516667	0.25	0	0.1028	32.82	32.832	-1	0.046	4.106	4.106	4.106	4.106	4.106	4.106	4.106	4.106	0	0	0	0	0	0	0	0	0	0	0	0	0	0	0	0	0	0	0	0	0	0	0	0	0	0	0	0	0	0	0	0	0	0	0	0	0	0	0	0	0	0	0	
12/28/2014 12:16:37 AM	0	0	8	15.31	15.45	0	346	1544	4.105	4.1088	0	0	False	-0.2483333	-0.2483333	-0.2516667	0.25	0	0.1035	32.82	32.83	-1	0.046	4.105	4.105	4.105	4.105	4.105	4.105	4.105	4.105	0	0	0	0	0	0	0	0	0	0	0	0	0	0	0	0	0	0	0	0	0	0	0	0	0	0	0	0	0	0	0	0	0	0	0	0	0	0	0	0	0	0	0	
12/28/2014 12:16:47 AM	0	0	8	15.31	15.45	0	344	1554	4.105	4.1085	0	0	False	-0.2483333	-0.2516667	-0.2483333	0.25	0	0.1042	32.82	32.828	-1	0.046	4.105	4.105	4.105	4.105	4.105	4.105	4.105	4.105	0	0	0	0	0	0	0	0	0	0	0	0	0	0	0	0	0	0	0	0	0	0	0	0	0	0	0	0	0	0	0	0	0	0	0	0	0	0	0	0	0	0	0	
12/28/2014 12:16:57 AM	0	0	8	15.31	15.45	0	342	1564	4.105	4.1083	0	0	False	-0.2516667	-0.25	-0.2433333	0.25	0	0.1049	32.82	32.82	-1	0.046	4.105	4.105	4.105	4.105	4.105	4.105	4.105	4.105	0	0	0	0	0	0	0	0	0	0	0	0	0	0	0	0	0	0	0	0	0	0	0	0	0	0	0	0	0	0	0	0	0	0	0	0	0	0	0	0	0	0	0	
12/28/2014 12:17:08 AM	0	0	8	15.31	15.45	0	348	1574	4.104	4.1077	0	0	False	-0.25	-0.2483333	-0.2516667	0.25	0	0.1056	32.809	32.82	-1	0.046	4.104	4.104	4.104	4.104	4.104	4.104	4.104	4.104	0	0	0	0	0	0	0	0	0	0	0	0	0	0	0	0	0	0	0	0	0	0	0	0	0	0	0	0	0	0	0	0	0	0	0	0	0	0	0	0	0	0	0	
12/28/2014 12:17:18 AM	0	0	8	15.31	15.45	0	340	1585	4.104	4.1073	0	0	False	-0.2533333	-0.2533333	-0.2533333	0.25	0	0.1064	32.809	32.82	-1	0.046	4.104	4.104	4.104	4.104	4.104	4.104	4.104	4.104	0	0	0	0	0	0	0	0	0	0	0	0	0	0	0	0	0	0	0	0	0	0	0	0	0	0	0	0	0	0	0	0	0	0	0	0	0	0	0	0	0	0	0	
12/28/2014 12:17:28 AM	0	0	8	15.31	15.45	0	350	1595	4.104	4.1073	0	0	False	-0.25	-0.2483333	-0.2616667	0.25	0	0.107	32.797	32.818	-1	0.046	4.104	4.104	4.104	4.104	4.104	4.104	4.104	4.104	0	0	0	0	0	0	0	0	0	0	0	0	0	0	0	0	0	0	0	0	0	0	0	0	0	0	0	0	0	0	0	0	0	0	0	0	0	0	0	0	0	0	0	
12/28/2014 12:17:38 AM	0	0	8	15.31	15.45	0	344	1605	4.103	4.1069	0	0	False	-0.2533333	-0.2516667	-0.2433333	0.25	0	0.1077	32.797	32.809	-1	0.057	4.103	4.103	4.103	4.103	4.103	4.103	4.103	4.103	0	0	0	0	0	0	0	0	0	0	0	0	0	0	0	0	0	0	0	0	0	0	0	0	0	0	0	0	0	0	0	0	0	0	0	0	0	0	0	0	0	0	0	
12/28/2014 12:17:48 AM	0	0	8	15.31	15.45	0	350	1615	4.103	4.1062	0	0	False	-0.2483333	-0.2483333	-0.2483333	0.25	0	0.1084	32.797	32.808	-1	0.046	4.103	4.103	4.103	4.103	4.103	4.103	4.103	4.103	0	0	0	0	0	0	0	0	0	0	0	0	0	0	0	0	0	0	0	0	0	0	0	0	0	0	0	0	0	0	0	0	0	0	0	0	0	0	0	0	0	0	0	
12/28/2014 12:17:58 AM	0	0	8	15.31	15.45	0	344	1625	4.102	4.1049	0	0	False	-0.2516667	-0.2533333	-0.2533333	0.25	0	0.1092	32.797	32.808	-1	0.046	4.102	4.102	4.102	4.102	4.102	4.102	4.102	4.102	0	0	0	0	0	0	0	0	0	0	0	0	0	0	0	0	0	0	0	0	0	0	0	0	0	0	0	0	0	0	0	0	0	0	0	0	0	0	0	0	0	0	0	
12/28/2014 12:18:08 AM	0	0	8	15.31	15.45	0	344	1635	4.102	4.1048	0	0	False	-0.2516667	-0.2516667	-0.2483333	0.25	0	0.1099	32.797	32.803	-1	0.046	4.102	4.102	4.102	4.102	4.102	4.102	4.102	4.102	0	0	0	0	0	0	0	0	0	0	0	0	0	0	0	0	0	0	0	0	0	0	0	0	0	0	0	0	0	0	0	0	0	0	0	0	0	0	0	0	0	0	0	
12/28/2014 12:18:19 AM	0	0	8	15.31	15.45	0	346	1645	4.102	4.1048	0	0	False	-0.2516667	-0.2516667	-0.2533333	0.25	0	0.1106	32.797	32.797	-1	0.034	4.102	4.102	4.102	4.102	4.102	4.102	4.102	4.102	0	0	0	0	0	0	0	0	0	0	0	0	0	0	0	0	0	0	0	0	0	0	0	0	0	0	0	0	0	0	0	0	0	0	0	0	0	0	0	0	0	0	0	
12/28/2014 12:18:29 AM	0	0	8	15.31	15.45	0	344	1655	4.101	4.1041	0	0	False	-0.25	-0.25	-0.2483333	0.25	0	0.1112	32.786	32.797	-1	0.046	4.101	4.101	4.101	4.101	4.101	4.101	4.101	4.101	0	0	0	0	0	0	0	0	0	0	0	0	0	0	0	0	0	0	0	0	0	0	0	0	0	0	0	0	0	0	0	0	0	0	0	0	0	0	0	0	0	0	0	
12/28/2014 12:18:39 AM	0	0	8	15.31	15.45	0	346	1665	4.101	4.1035	0	0	False	-0.2483333	-0.25	-0.2483333	0.25	0	0.1119	32.786	32.797	-1	0.046	4.101	4.101	4.101	4.101	4.101	4.101	4.101	4.101	0	0	0	0	0	0	0	0	0	0	0	0	0	0	0	0	0	0	0	0	0	0	0	0	0	0	0	0	0	0	0	0	0	0	0	0	0	0	0	0	0	0	0	
12/28/2014 12:18:49 AM	0	0	8	15.31	15.45	0	350	1675	4.101	4.1035	0	0	False	-0.25	-0.25	-0.2483333	0.25	0	0.1126	32.786	32.796	-1	0.046	4.101	4.101	4.101	4.101	4.101	4.101	4.101	4.101	0	0	0	0	0	0	0	0	0	0	0	0	0	0	0	0	0	0	0	0	0	0	0	0	0	0	0	0	0	0	0	0	0	0	0	0	0	0	0	0	0	0	0	
12/28/2014 12:18:59 AM	0	0	8	15.31	15.45	0	344	1685	4.1	4.1034	0	0	False	-0.2516667	-0.25	-0.2433333	0.25	0	0.1133	32.786	32.786	-1	0.046	4.1	4.1	4.1	4.1	4.1	4.1	4.1	4.1	0	0	0	0	0	0	0	0	0	0	0	0	0	0	0	0	0	0	0	0	0	0	0	0	0	0	0	0	0	0	0	0	0	0	0	0	0	0	0	0	0	0	0	
12/28/2014 12:19:09 AM	0	0	8	15.31	15.45	0	346	1696	4.1	4.1029	0	0	False	-0.25	-0.25	-0.2483333	0.25	0	0.1141	32.775	32.786	-1	0.046	4.1	4.1	4.1	4.1	4.1	4.1	4.1	4.1	0	0	0	0	0	0	0	0	0	0	0	0	0	0	0	0	0	0	0	0	0	0	0	0	0	0	0	0	0	0	0	0	0	0	0	0	0	0	0	0	0	0	0	
12/28/2014 12:19:19 AM	0	0	8	15.31	15.45	0	344	1706	4.1	4.1023	0	0	False	-0.2516667	-0.2516667	-0.2483333	0.25	0	0.1148	32.775	32.785	-1	0.046	4.1	4.1	4.1	4.1	4.1	4.1	4.1	4.1	0	0	0	0	0	0	0	0	0	0	0	0	0	0	0	0	0	0	0	0	0	0	0	0	0	0	0	0	0	0	0	0	0	0	0	0	0	0	0	0	0	0	0	
12/28/2014 12:19:30 AM	0	0	8	15.3	15.45	0	350	1716	4.1	4.1023	0	0	False	-0.2483333	-0.2483333	-0.2516667	0.25	0	0.1155	32.763	32.785	-1	0.057	4.1	4.1	4.1	4.1	4.1	4.1	4.1	4.1	0	0	0	0	0	0	0	0	0	0	0	0	0	0	0	0	0	0	0	0	0	0	0	0	0	0	0	0	0	0	0	0	0	0	0	0	0	0	0	0	0	0	0	
12/28/2014 12:19:40 AM	0	0	8	15.31	15.45	0	346	1726	4.099	4.1022	0	0	False	-0.2516667	-0.2516667	-0.2483333	0.25	0	0.1162	32.763	32.775	-1	0.057	4.099	4.099	4.099	4.099	4.099	4.099	4.099	4.099	0	0	0	0	0	0	0	0	0	0	0	0	0	0	0	0	0	0	0	0	0	0	0	0	0	0	0	0	0	0	0	0	0	0	0	0	0	0	0	0	0	0	0	
12/28/2014 12:19:50 AM	0	0	8	15.31	15.45	0	344	1736	4.099	4.1019	0	0	False	-0.2516667	-0.2516667	-0.2433333	0.25	0	0.1169	32.763	32.775	-1	0.046	4.099	4.099	4.099	4.099	4.099	4.099	4.099	4.099	0	0	0	0	0	0	0	0	0	0	0	0	0	0	0	0	0	0	0	0	0	0	0	0	0	0	0	0	0	0	0	0	0	0	0	0	0	0	0	0	0	0	0	
12/28/2014 12:20:00 AM	0	0	8	15.31	15.45	0	346	1746	4.099	4.101	0	0	False	-0.25	-0.2516667	-0.2483333	0.25	0	0.1176	32.763	32.775	-1	0.046	4.099	4.099	4.099	4.099	4.099	4.099	4.099	4.099	0	0	0	0	0	0	0	0	0	0	0	0	0	0	0	0	0	0	0	0	0	0	0	0	0	0	0	0	0	0	0	0	0	0	0	0	0	0	0	0	0	0	0	
12/28/2014 12:20:10 AM	0	0	8	15.31	15.45	0	344	1756	4.098	4.101	0	0	False	-0.25	-0.2516667	-0.2516667	0.25	0	0.1183	32.763	32.775	-1	0.046	4.098	4.098	4.098	4.098	4.098	4.098	4.098	4.098	0	0	0	0	0	0	0	0	0	0	0	0	0	0	0	0	0	0	0	0	0	0	0	0	0	0	0	0	0	0	0	0	0	0	0	0	0	0	0	0	0	0	0	
12/28/2014 12:20:20 AM	0	0	8	15.31	15.45	0	348	1766	4.098	4.1009	0	0	False	-0.25	-0.2483333	-0.2483333	0.25	0	0.119	32.752	32.77	-1	0.046	4.098	4.098	4.098	4.098	4.098	4.098	4.098	4.098	0	0	0	0	0	0	0	0	0	0	0	0	0	0	0	0	0	0	0	0	0	0	0	0	0	0	0	0	0	0	0	0	0	0	0	0	0	0	0	0	0	0	0	
12/28/2014 12:20:30 AM	0	0	8	15.31	15.45	0	342	1776	4.097	4.1004	0	0	False	-0.25	-0.2516667	-0.2483333	0.25	0	0.1196	32.763	32.763	-1	0.046	4.097	4.097	4.097	4.097	4.097	4.097	4.097	4.097	0	0	0	0	0	0	0	0	0	0	0	0	0	0	0	0	0	0	0	0	0	0	0	0	0	0	0	0	0	0	0	0	0	0	0	0	0	0	0	0	0	0	0	
12/28/2014 12:20:41 AM	0	0	8	15.31	15.45	0	348	1786	4.097	4.0998	0	0	False	-0.2516667	-0.2516667	-0.2516667	0.25	0	0.1204	32.752	32.763	-1	0.046	4.097	4.097	4.097	4.097	4.097	4.097	4.097	4.097	0	0	0	0	0	0	0	0	0	0	0	0	0	0	0	0	0	0	0	0	0	0	0	0	0	0	0	0	0	0	0	0	0	0	0	0	0	0	0	0	0	0	0	
12/28/2014 12:20:51 AM	0	0	8	15.31	15.45	0	346	1796	4.097	4.0998	0	0	False	-0.25	-0.2533333	-0.2516667	0.25	0	0.1211	32.752	32.762	-1	0.046	4.097	4.097	4.097	4.097	4.097	4.097	4.097	4.097	0	0	0	0	0	0	0	0	0	0	0	0	0	0	0	0	0	0	0	0	0	0	0	0	0	0	0	0	0	0	0	0	0	0	0	0	0	0	0	0	0	0	0	
12/28/2014 12:21:01 AM	0	0	8	15.31	15.45	0	344	1806	4.097	4.0998	0	0	False	-0.2516667	-0.2516667	-0.2616667	0.25	0	0.1218	32.752	32.762	-1	0.046	4.097	4.097	4.097	4.097	4.097	4.097	4.097	4.097	0	0	0	0	0	0	0	0	0	0	0	0	0	0	0	0	0	0	0	0	0	0	0	0	0	0	0	0	0	0	0	0	0	0	0	0	0	0	0	0	0	0	0	
12/28/2014 12:21:11 AM	0	0	8	15.31	15.45	0	340	1817	4.096	4.0994	0	0	False	-0.2516667	-0.2533333	-0.2533333	0.25	0	0.1225	32.74	32.753	-1	0.046	4.096	4.096	4.096	4.096	4.096	4.096	4.096	4.096	0	0	0	0	0	0	0	0	0	0	0	0	0	0	0	0	0	0	0	0	0	0	0	0	0	0	0	0	0	0	0	0	0	0	0	0	0	0	0	0	0	0	0	
12/28/2014 12:21:21 AM	0	0	8	15.31	15.45	0	342	1827	4.096	4.0985	0	0	False	-0.2516667	-0.2516667	-0.2483333	0.25	0	0.1232	32.74	32.752	-1	0.046	4.096	4.096	4.096	4.096	4.096	4.096	4.096	4.096	0	0	0	0	0	0	0	0	0	0	0	0	0	0	0	0	0	0	0	0	0	0	0	0	0	0	0	0	0	0	0	0	0	0	0	0	0	0	0	0	0	0	0	
12/28/2014 12:21:31 AM	0	0	8	15.31	15.45	0	352	1837	4.096	4.0985	0	0	False	-0.2483333	-0.2483333	-0.2533333	0.25	0	0.1239	32.74	32.752	-1	0.046	4.096	4.096	4.096	4.096	4.096	4.096	4.096	4.096	0	0	0	0	0	0	0	0	0	0	0	0	0	0	0	0	0	0	0	0	0	0	0	0	0	0	0	0	0	0	0	0	0	0	0	0	0	0	0	0	0	0	0	
12/28/2014 12:21:41 AM	0	0	8	15.31	15.45	0	346	1847	4.095	4.0985	0	0	False	-0.2516667	-0.25	-0.2483333	0.25	0	0.1246	32.74	32.752	-1	0.046	4.095	4.095	4.095	4.095	4.095	4.095	4.095	4.095	0	0	0	0	0	0	0	0	0	0	0	0	0	0	0	0	0	0	0	0	0	0	0	0	0	0	0	0	0	0	0	0	0	0	0	0	0	0	0	0	0	0	0	
12/28/2014 12:21:52 AM	0	0	8	15.31	15.45	0	346	1857	4.095	4.0985	0	0	False	-0.2516667	-0.2483333	-0.2533333	0.25	0	0.1253	32.729	32.749	-1	0.057	4.095	4.095	4.095	4.095	4.095	4.095	4.095	4.095	0	0	0	0	0	0	0	0	0	0	0	0	0	0	0	0	0	0	0	0	0	0	0	0	0	0	0	0	0	0	0	0	0	0	0	0	0	0	0	0	0	0	0	
12/28/2014 12:22:02 AM	0	0	8	15.31	15.45	0	348	1867	4.095	4.0976	0	0	False	-0.25	-0.25	-0.2483333	0.25	0	0.126	32.729	32.744	-1	0.057	4.095	4.095	4.095	4.095	4.095	4.095	4.095	4.095	0	0	0	0	0	0	0	0	0	0	0	0	0	0	0	0	0	0	0	0	0	0	0	0	0	0	0	0	0	0	0	0	0	0	0	0	0	0	0	0	0	0	0	
12/28/2014 12:22:12 AM	0	0	8	15.31	15.45	0	346	1877	4.095	4.0973	0	0	False	-0.2516667	-0.25	-0.2533333	0.25	0	0.1267	32.729	32.74	-1	0.046	4.095	4.095	4.095	4.095	4.095	4.095	4.095	4.095	0	0	0	0	0	0	0	0	0	0	0	0	0	0	0	0	0	0	0	0	0	0	0	0	0	0	0	0	0	0	0	0	0	0	0	0	0	0	0	0	0	0	0	
12/28/2014 12:22:22 AM	0	0	8	15.31	15.45	0	348	1887	4.094	4.0973	0	0	False	-0.25	-0.25	-0.2533333	0.25	0	0.1274	32.729	32.74	-1	0.046	4.094	4.094	4.094	4.094	4.094	4.094	4.094	4.094	0	0	0	0	0	0	0	0	0	0	0	0	0	0	0	0	0	0	0	0	0	0	0	0	0	0	0	0	0	0	0	0	0	0	0	0	0	0	0	0	0	0	0	
12/28/2014 12:22:32 AM	0	0	8	15.31	15.45	0	346	1897	4.094	4.0973	0	0	False	-0.2516667	-0.2516667	-0.2483333	0.25	0	0.1281	32.729	32.74	-1	0.046	4.094	4.094	4.094	4.094	4.094	4.094	4.094	4.094	0	0	0	0	0	0	0	0	0	0	0	0	0	0	0	0	0	0	0	0	0	0	0	0	0	0	0	0	0	0	0	0	0	0	0	0	0	0	0	0	0	0	0	
12/28/2014 12:22:42 AM	0	0	8	15.3	15.45	0	346	1907	4.094	4.0969	0	0	False	-0.2516667	-0.25	-0.2433333	0.25	0	0.1288	32.729	32.738	-1	0.057	4.094	4.094	4.094	4.094	4.094	4.094	4.094	4.094	0	0	0	0	0	0	0	0	0	0	0	0	0	0	0	0	0	0	0	0	0	0	0	0	0	0	0	0	0	0	0	0	0	0	0	0	0	0	0	0	0	0	0	
12/28/2014 12:22:52 AM	0	0	8	15.31	15.45	0	348	1917	4.094	4.096	0	0	False	-0.25	-0.2466667	-0.2433333	0.25	0	0.1295	32.729	32.734	-1	0.034	4.094	4.094	4.094	4.094	4.094	4.094	4.094	4.094	0	0	0	0	0	0	0	0	0	0	0	0	0	0	0	0	0	0	0	0	0	0	0	0	0	0	0	0	0	0	0	0	0	0	0	0	0	0	0	0	0	0	0	
12/28/2014 12:23:03 AM	0	0	8	15.31	15.45	0	342	1928	4.093	4.096	0	0	False	-0.2516667	-0.2516667	-0.2433333	0.25	0	0.1303	32.717	32.729	-1	0.046	4.093	4.093	4.093	4.093	4.093	4.093	4.093	4.093	0	0	0	0	0	0	0	0	0	0	0	0	0	0	0	0	0	0	0	0	0	0	0	0	0	0	0	0	0	0	0	0	0	0	0	0	0	0	0	0	0	0	0	
12/28/2014 12:23:13 AM	0	0	8	15.31	15.45	0	344	1938	4.093	4.0958	0	0	False	-0.25	-0.25	-0.2483333	0.25	0	0.131	32.717	32.729	-1	0.046	4.093	4.093	4.093	4.093	4.093	4.093	4.093	4.093	0	0	0	0	0	0	0	0	0	0	0	0	0	0	0	0	0	0	0	0	0	0	0	0	0	0	0	0	0	0	0	0	0	0	0	0	0	0	0	0	0	0	0	
12/28/2014 12:23:23 AM	0	0	8	15.31	15.45	0	348	1948	4.093	4.095	0	0	False	-0.25	-0.25	-0.2483333	0.25	0	0.1317	32.717	32.729	-1	0.046	4.093	4.093	4.093	4.093	4.093	4.093	4.093	4.093	0	0	0	0	0	0	0	0	0	0	0	0	0	0	0	0	0	0	0	0	0	0	0	0	0	0	0	0	0	0	0	0	0	0	0	0	0	0	0	0	0	0	0	
12/28/2014 12:23:33 AM	0	0	8	15.31	15.45	0	342	1958	4.092	4.0947	0	0	False	-0.2533333	-0.2516667	-0.2483333	0.25	0	0.1324	32.717	32.727	-1	0.046	4.092	4.092	4.092	4.092	4.092	4.092	4.092	4.092	0	0	0	0	0	0	0	0	0	0	0	0	0	0	0	0	0	0	0	0	0	0	0	0	0	0	0	0	0	0	0	0	0	0	0	0	0	0	0	0	0	0	0	
12/28/2014 12:23:43 AM	0	0	8	15.31	15.45	0	348	1968	4.092	4.0947	0	0	False	-0.2516667	-0.25	-0.2516667	0.25	0	0.1331	32.706	32.722	-1	0.034	4.092	4.092	4.092	4.092	4.092	4.092	4.092	4.092	0	0	0	0	0	0	0	0	0	0	0	0	0	0	0	0	0	0	0	0	0	0	0	0	0	0	0	0	0	0	0	0	0	0	0	0	0	0	0	0	0	0	0	
12/28/2014 12:23:53 AM	0	0	8	15.31	15.45	0	346	1978	4.092	4.0947	0	0	False	-0.25	-0.2516667	-0.2616667	0.25	0	0.1338	32.706	32.717	-1	0.046	4.092	4.092	4.092	4.092	4.092	4.092	4.092	4.092	0	0	0	0	0	0	0	0	0	0	0	0	0	0	0	0	0	0	0	0	0	0	0	0	0	0	0	0	0	0	0	0	0	0	0	0	0	0	0	0	0	0	0	
12/28/2014 12:24:03 AM	0	0	8	15.31	15.45	0	344	1988	4.091	4.0944	0	0	False	-0.2516667	-0.2516667	-0.2483333	0.25	0	0.1345	32.706	32.717	-1	0.046	4.091	4.091	4.091	4.091	4.091	4.091	4.091	4.091	0	0	0	0	0	0	0	0	0	0	0	0	0	0	0	0	0	0	0	0	0	0	0	0	0	0	0	0	0	0	0	0	0	0	0	0	0	0	0	0	0	0	0	
12/28/2014 12:24:14 AM	0	0	8	15.31	15.45	0	340	1998	4.091	4.0935	0	0	False	-0.2533333	-0.25	-0.2433333	0.25	0	0.1352	32.706	32.716	-1	0.046	4.091	4.091	4.091	4.091	4.091	4.091	4.091	4.091	0	0	0	0	0	0	0	0	0	0	0	0	0	0	0	0	0	0	0	0	0	0	0	0	0	0	0	0	0	0	0	0	0	0	0	0	0	0	0	0	0	0	0	
12/28/2014 12:24:24 AM	0	0	8	15.31	15.45	0	350	2008	4.091	4.0935	0	0	False	-0.2483333	-0.25	-0.2616667	0.25	0	0.1359	32.706	32.715	-1	0.046	4.091	4.091	4.091	4.091	4.091	4.091	4.091	4.091	0	0	0	0	0	0	0	0	0	0	0	0	0	0	0	0	0	0	0	0	0	0	0	0	0	0	0	0	0	0	0	0	0	0	0	0	0	0	0	0	0	0	0	
12/28/2014 12:24:34 AM	0	0	8	15.31	15.45	0	344	2018	4.091	4.0935	0	0	False	-0.2533333	-0.25	-0.2433333	0.25	0	0.1366	32.706	32.711	-1	0.057	4.091	4.091	4.091	4.091	4.091	4.091	4.091	4.091	0	0	0	0	0	0	0	0	0	0	0	0	0	0	0	0	0	0	0	0	0	0	0	0	0	0	0	0	0	0	0	0	0	0	0	0	0	0	0	0	0	0	0	
12/28/2014 12:24:44 AM	0	0	8	15.31	15.45	0	346	2028	4.09	4.0933	0	0	False	-0.2483333	-0.2516667	-0.2483333	0.25	0	0.1373	32.694	32.706	-1	0.046	4.09	4.09	4.09	4.09	4.09	4.09	4.09	4.09	0	0	0	0	0	0	0	0	0	0	0	0	0	0	0	0	0	0	0	0	0	0	0	0	0	0	0	0	0	0	0	0	0	0	0	0	0	0	0	0	0	0	0	
12/28/2014 12:24:54 AM	0	0	8	15.31	15.45	0	346	2039	4.09	4.0926	0	0	False	-0.2483333	-0.2483333	-0.2616667	0.25	0	0.1381	32.694	32.706	-1	0.046	4.09	4.09	4.09	4.09	4.09	4.09	4.09	4.09	0	0	0	0	0	0	0	0	0	0	0	0	0	0	0	0	0	0	0	0	0	0	0	0	0	0	0	0	0	0	0	0	0	0	0	0	0	0	0	0	0	0	0	
12/28/2014 12:25:04 AM	0	0	8	15.31	15.45	0	348	2049	4.09	4.0922	0	0	False	-0.25	-0.2483333	-0.2433333	0.25	0	0.1387	32.694	32.706	-1	0.046	4.09	4.09	4.09	4.09	4.09	4.09	4.09	4.09	0	0	0	0	0	0	0	0	0	0	0	0	0	0	0	0	0	0	0	0	0	0	0	0	0	0	0	0	0	0	0	0	0	0	0	0	0	0	0	0	0	0	0	
12/28/2014 12:25:15 AM	0	0	8	15.3	15.45	0	346	2059	4.09	4.0922	0	0	False	-0.25	-0.2483333	-0.2483333	0.25	0	0.1394	32.694	32.706	-1	0.046	4.09	4.09	4.09	4.09	4.09	4.09	4.09	4.09	0	0	0	0	0	0	0	0	0	0	0	0	0	0	0	0	0	0	0	0	0	0	0	0	0	0	0	0	0	0	0	0	0	0	0	0	0	0	0	0	0	0	0	
12/28/2014 12:25:25 AM	0	0	8	15.31	15.45	0	348	2069	4.089	4.0922	0	0	False	-0.2516667	-0.2483333	-0.2533333	0.25	0	0.1401	32.694	32.704	-1	0.046	4.089	4.089	4.089	4.089	4.089	4.089	4.089	4.089	0	0	0	0	0	0	0	0	0	0	0	0	0	0	0	0	0	0	0	0	0	0	0	0	0	0	0	0	0	0	0	0	0	0	0	0	0	0	0	0	0	0	0	
12/28/2014 12:25:35 AM	0	0	8	15.31	15.45	0	346	2079	4.089	4.0921	0	0	False	-0.2516667	-0.25	-0.2483333	0.25	0	0.1408	32.683	32.696	-1	0.057	4.089	4.089	4.089	4.089	4.089	4.089	4.089	4.089	0	0	0	0	0	0	0	0	0	0	0	0	0	0	0	0	0	0	0	0	0	0	0	0	0	0	0	0	0	0	0	0	0	0	0	0	0	0	0	0	0	0	0	
12/28/2014 12:25:45 AM	0	0	8	15.31	15.45	0	350	2089	4.089	4.0915	0	0	False	-0.2483333	-0.2483333	-0.2483333	0.25	0	0.1415	32.694	32.694	-1	0.046	4.089	4.089	4.089	4.089	4.089	4.089	4.089	4.089	0	0	0	0	0	0	0	0	0	0	0	0	0	0	0	0	0	0	0	0	0	0	0	0	0	0	0	0	0	0	0	0	0	0	0	0	0	0	0	0	0	0	0	
12/28/2014 12:25:55 AM	0	0	8	15.31	15.45	0	348	2099	4.089	4.091	0	0	False	-0.25	-0.2483333	-0.2483333	0.25	0	0.1422	32.694	32.694	-1	0.034	4.089	4.089	4.089	4.089	4.089	4.089	4.089	4.089	0	0	0	0	0	0	0	0	0	0	0	0	0	0	0	0	0	0	0	0	0	0	0	0	0	0	0	0	0	0	0	0	0	0	0	0	0	0	0	0	0	0	0	
12/28/2014 12:26:05 AM	0	0	8	15.31	15.45	0	346	2109	4.089	4.091	0	0	False	-0.2516667	-0.2516667	-0.2483333	0.25	0	0.1429	32.683	32.694	-1	0.046	4.089	4.089	4.089	4.089	4.089	4.089	4.089	4.089	0	0	0	0	0	0	0	0	0	0	0	0	0	0	0	0	0	0	0	0	0	0	0	0	0	0	0	0	0	0	0	0	0	0	0	0	0	0	0	0	0	0	0	
12/28/2014 12:26:15 AM	0	0	8	15.31	15.45	0	348	2119	4.089	4.091	0	0	False	-0.25	-0.2466667	-0.2483333	0.25	0	0.1436	32.683	32.694	-1	0.046	4.089	4.089	4.089	4.089	4.089	4.089	4.089	4.089	0	0	0	0	0	0	0	0	0	0	0	0	0	0	0	0	0	0	0	0	0	0	0	0	0	0	0	0	0	0	0	0	0	0	0	0	0	0	0	0	0	0	0	
12/28/2014 12:26:26 AM	0	0	8	15.31	15.45	0	348	2129	4.088	4.091	0	0	False	-0.25	-0.2483333	-0.2433333	0.25	0	0.1443	32.683	32.692	-1	0.046	4.088	4.088	4.088	4.088	4.088	4.088	4.088	4.088	0	0	0	0	0	0	0	0	0	0	0	0	0	0	0	0	0	0	0	0	0	0	0	0	0	0	0	0	0	0	0	0	0	0	0	0	0	0	0	0	0	0	0	
12/28/2014 12:26:36 AM	0	0	8	15.31	15.45	0	346	2139	4.088	4.0905	0	0	False	-0.25	-0.2516667	-0.2616667	0.25	0	0.145	32.683	32.687	-1	0.057	4.088	4.088	4.088	4.088	4.088	4.088	4.088	4.088	0	0	0	0	0	0	0	0	0	0	0	0	0	0	0	0	0	0	0	0	0	0	0	0	0	0	0	0	0	0	0	0	0	0	0	0	0	0	0	0	0	0	0	
12/28/2014 12:26:46 AM	0	0	8	15.31	15.45	0	340	2150	4.088	4.0898	0	0	False	-0.2516667	-0.2533333	-0.235	0.25	0	0.1458	32.671	32.683	-1	0.046	4.088	4.088	4.088	4.088	4.088	4.088	4.088	4.088	0	0	0	0	0	0	0	0	0	0	0	0	0	0	0	0	0	0	0	0	0	0	0	0	0	0	0	0	0	0	0	0	0	0	0	0	0	0	0	0	0	0	0	
12/28/2014 12:26:56 AM	0	0	8	15.31	15.45	0	342	2160	4.088	4.0897	0	0	False	-0.2516667	-0.2533333	-0.2483333	0.25	0	0.1465	32.671	32.683	-1	0.046	4.088	4.088	4.088	4.088	4.088	4.088	4.088	4.088	0	0	0	0	0	0	0	0	0	0	0	0	0	0	0	0	0	0	0	0	0	0	0	0	0	0	0	0	0	0	0	0	0	0	0	0	0	0	0	0	0	0	0	
12/28/2014 12:27:06 AM	0	0	8	15.31	15.45	0	344	2170	4.087	4.0897	0	0	False	-0.2516667	-0.2516667	-0.2483333	0.25	0	0.1471	32.671	32.683	-1	0.046	4.087	4.087	4.087	4.087	4.087	4.087	4.087	4.087	0	0	0	0	0	0	0	0	0	0	0	0	0	0	0	0	0	0	0	0	0	0	0	0	0	0	0	0	0	0	0	0	0	0	0	0	0	0	0	0	0	0	0	
12/28/2014 12:27:16 AM	0	0	8	15.31	15.45	0	344	2180	4.087	4.0897	0	0	False	-0.25	-0.2516667	-0.2516667	0.25	0	0.1478	32.671	32.683	-1	0.046	4.087	4.087	4.087	4.087	4.087	4.087	4.087	4.087	0	0	0	0	0	0	0	0	0	0	0	0	0	0	0	0	0	0	0	0	0	0	0	0	0	0	0	0	0	0	0	0	0	0	0	0	0	0	0	0	0	0	0	
12/28/2014 12:27:26 AM	0	0	8	15.31	15.45	0	346	2190	4.087	4.0894	0	0	False	-0.25	-0.2516667	-0.2616667	0.25	0	0.1485	32.671	32.681	-1	0.046	4.087	4.087	4.087	4.087	4.087	4.087	4.087	4.087	0	0	0	0	0	0	0	0	0	0	0	0	0	0	0	0	0	0	0	0	0	0	0	0	0	0	0	0	0	0	0	0	0	0	0	0	0	0	0	0	0	0	0	
12/28/2014 12:27:37 AM	0	0	8	15.31	15.45	0	348	2200	4.086	4.089	0	0	False	-0.25	-0.2483333	-0.2516667	0.25	0	0.1492	32.66	32.678	-1	0.046	4.086	4.086	4.086	4.086	4.086	4.086	4.086	4.086	0	0	0	0	0	0	0	0	0	0	0	0	0	0	0	0	0	0	0	0	0	0	0	0	0	0	0	0	0	0	0	0	0	0	0	0	0	0	0	0	0	0	0	
12/28/2014 12:27:47 AM	0	0	8	15.31	15.45	0	346	2210	4.086	4.0885	0	0	False	-0.2483333	-0.25	-0.2516667	0.25	0	0.1499	32.66	32.671	-1	0.046	4.086	4.086	4.086	4.086	4.086	4.086	4.086	4.086	0	0	0	0	0	0	0	0	0	0	0	0	0	0	0	0	0	0	0	0	0	0	0	0	0	0	0	0	0	0	0	0	0	0	0	0	0	0	0	0	0	0	0	
12/28/2014 12:27:57 AM	0	0	8	15.31	15.45	0	342	2220	4.086	4.0885	0	0	False	-0.25	-0.2516667	-0.2433333	0.25	0	0.1506	32.66	32.671	-1	0.046	4.086	4.086	4.086	4.086	4.086	4.086	4.086	4.086	0	0	0	0	0	0	0	0	0	0	0	0	0	0	0	0	0	0	0	0	0	0	0	0	0	0	0	0	0	0	0	0	0	0	0	0	0	0	0	0	0	0	0	
12/28/2014 12:28:07 AM	0	0	8	15.31	15.45	0	352	2230	4.086	4.0885	0	0	False	-0.2483333	-0.2483333	-0.2516667	0.25	0	0.1513	32.66	32.671	-1	0.046	4.086	4.086	4.086	4.086	4.086	4.086	4.086	4.086	0	0	0	0	0	0	0	0	0	0	0	0	0	0	0	0	0	0	0	0	0	0	0	0	0	0	0	0	0	0	0	0	0	0	0	0	0	0	0	0	0	0	0	
12/28/2014 12:28:17 AM	0	0	8	15.31	15.45	0	342	2240	4.085	4.0885	0	0	False	-0.25	-0.2533333	-0.2483333	0.25	0	0.152	32.66	32.671	-1	0.046	4.085	4.085	4.085	4.085	4.085	4.085	4.085	4.085	0	0	0	0	0	0	0	0	0	0	0	0	0	0	0	0	0	0	0	0	0	0	0	0	0	0	0	0	0	0	0	0	0	0	0	0	0	0	0	0	0	0	0	
12/28/2014 12:28:27 AM	0	0	8	15.31	15.45	0	348	2250	4.085	4.0883	0	0	False	-0.2483333	-0.2483333	-0.2616667	0.25	0	0.1527	32.66	32.671	-1	0.046	4.085	4.085	4.085	4.085	4.085	4.085	4.085	4.085	0	0	0	0	0	0	0	0	0	0	0	0	0	0	0	0	0	0	0	0	0	0	0	0	0	0	0	0	0	0	0	0	0	0	0	0	0	0	0	0	0	0	0	
12/28/2014 12:28:37 AM	0	0	8	15.31	15.45	0	346	2260	4.085	4.0875	0	0	False	-0.2516667	-0.25	-0.235	0.25	0	0.1535	32.66	32.671	-1	0.046	4.085	4.085	4.085	4.085	4.085	4.085	4.085	4.085	0	0	0	0	0	0	0	0	0	0	0	0	0	0	0	0	0	0	0	0	0	0	0	0	0	0	0	0	0	0	0	0	0	0	0	0	0	0	0	0	0	0	0	
12/28/2014 12:28:48 AM	0	0	8	15.31	15.45	0	342	2271	4.085	4.0872	0	0	False	-0.2516667	-0.2533333	-0.2533333	0.25	0	0.1542	32.66	32.663	-1	0.057	4.085	4.085	4.085	4.085	4.085	4.085	4.085	4.085	0	0	0	0	0	0	0	0	0	0	0	0	0	0	0	0	0	0	0	0	0	0	0	0	0	0	0	0	0	0	0	0	0	0	0	0	0	0	0	0	0	0	0	
12/28/2014 12:28:58 AM	0	0	8	15.31	15.45	0	348	2281	4.085	4.0872	0	0	False	-0.2533333	-0.2516667	-0.2533333	0.25	0	0.1549	32.66	32.66	-1	0.046	4.085	4.085	4.085	4.085	4.085	4.085	4.085	4.085	0	0	0	0	0	0	0	0	0	0	0	0	0	0	0	0	0	0	0	0	0	0	0	0	0	0	0	0	0	0	0	0	0	0	0	0	0	0	0	0	0	0	0	
12/28/2014 12:29:08 AM	0	0	8	15.31	15.45	0	350	2291	4.085	4.0872	0	0	False	-0.25	-0.2483333	-0.2533333	0.25	0	0.1556	32.648	32.66	-1	0.046	4.085	4.085	4.085	4.085	4.085	4.085	4.085	4.085	0	0	0	0	0	0	0	0	0	0	0	0	0	0	0	0	0	0	0	0	0	0	0	0	0	0	0	0	0	0	0	0	0	0	0	0	0	0	0	0	0	0	0	
12/28/2014 12:29:18 AM	0	0	8	15.31	15.45	0	344	2300	4.084	4.0872	0	0	False	-0.25	-0.2483333	-0.2433333	0.25	0	0.1562	32.648	32.66	-1	0.046	4.084	4.084	4.084	4.084	4.084	4.084	4.084	4.084	0	0	0	0	0	0	0	0	0	0	0	0	0	0	0	0	0	0	0	0	0	0	0	0	0	0	0	0	0	0	0	0	0	0	0	0	0	0	0	0	0	0	0	
12/28/2014 12:29:28 AM	0	0	8	15.31	15.45	0	348	2311	4.084	4.0871	0	0	False	-0.2533333	-0.2516667	-0.2616667	0.25	0	0.157	32.637	32.658	-1	0.057	4.084	4.084	4.084	4.084	4.084	4.084	4.084	4.084	0	0	0	0	0	0	0	0	0	0	0	0	0	0	0	0	0	0	0	0	0	0	0	0	0	0	0	0	0	0	0	0	0	0	0	0	0	0	0	0	0	0	0	
12/28/2014 12:29:38 AM	0	0	8	15.31	15.45	0	342	2321	4.084	4.0862	0	0	False	-0.2516667	-0.2516667	-0.2433333	0.25	0	0.1577	32.648	32.655	-1	0.046	4.084	4.084	4.084	4.084	4.084	4.084	4.084	4.084	0	0	0	0	0	0	0	0	0	0	0	0	0	0	0	0	0	0	0	0	0	0	0	0	0	0	0	0	0	0	0	0	0	0	0	0	0	0	0	0	0	0	0	
12/28/2014 12:29:48 AM	0	0	8	15.31	15.45	0	340	2331	4.084	4.086	0	0	False	-0.2516667	-0.2516667	-0.235	0.25	0	0.1584	32.648	32.652	-1	0.046	4.084	4.084	4.084	4.084	4.084	4.084	4.084	4.084	0	0	0	0	0	0	0	0	0	0	0	0	0	0	0	0	0	0	0	0	0	0	0	0	0	0	0	0	0	0	0	0	0	0	0	0	0	0	0	0	0	0	0	
12/28/2014 12:29:59 AM	0	0	8	15.31	15.45	0	350	2341	4.084	4.086	0	0	False	-0.25	-0.25	-0.2483333	0.25	0	0.1591	32.648	32.648	-1	0.046	4.084	4.084	4.084	4.084	4.084	4.084	4.084	4.084	0	0	0	0	0	0	0	0	0	0	0	0	0	0	0	0	0	0	0	0	0	0	0	0	0	0	0	0	0	0	0	0	0	0	0	0	0	0	0	0	0	0	0	
12/28/2014 12:30:09 AM	0	0	8	15.31	15.45	0	344	2351	4.083	4.086	0	0	False	-0.25	-0.2516667	-0.2433333	0.25	0	0.1598	32.648	32.648	-1	0.046	4.083	4.083	4.083	4.083	4.083	4.083	4.083	4.083	0	0	0	0	0	0	0	0	0	0	0	0	0	0	0	0	0	0	0	0	0	0	0	0	0	0	0	0	0	0	0	0	0	0	0	0	0	0	0	0	0	0	0	
12/28/2014 12:30:19 AM	0	0	8	15.31	15.45	0	340	2361	4.083	4.086	0	0	False	-0.25	-0.2533333	-0.2533333	0.25	0	0.1605	32.637	32.648	-1	0.046	4.083	4.083	4.083	4.083	4.083	4.083	4.083	4.083	0	0	0	0	0	0	0	0	0	0	0	0	0	0	0	0	0	0	0	0	0	0	0	0	0	0	0	0	0	0	0	0	0	0	0	0	0	0	0	0	0	0	0	
12/28/2014 12:30:29 AM	0	0	8	15.31	15.45	0	342	2371	4.083	4.0859	0	0	False	-0.2483333	-0.2533333	-0.2483333	0.25	0	0.1612	32.637	32.648	-1	0.046	4.083	4.083	4.083	4.083	4.083	4.083	4.083	4.083	0	0	0	0	0	0	0	0	0	0	0	0	0	0	0	0	0	0	0	0	0	0	0	0	0	0	0	0	0	0	0	0	0	0	0	0	0	0	0	0	0	0	0	
12/28/2014 12:30:39 AM	0	0	8	15.31	15.45	0	344	2382	4.083	4.0854	0	0	False	-0.25	-0.25	-0.2483333	0.25	0	0.1619	32.637	32.648	-1	0.057	4.083	4.083	4.083	4.083	4.083	4.083	4.083	4.083	0	0	0	0	0	0	0	0	0	0	0	0	0	0	0	0	0	0	0	0	0	0	0	0	0	0	0	0	0	0	0	0	0	0	0	0	0	0	0	0	0	0	0	
12/28/2014 12:30:49 AM	0	0	8	15.31	15.45	0	346	2392	4.082	4.0847	0	0	False	-0.25	-0.25	-0.2483333	0.25	0	0.1626	32.637	32.648	-1	0.046	4.082	4.082	4.082	4.082	4.082	4.082	4.082	4.082	0	0	0	0	0	0	0	0	0	0	0	0	0	0	0	0	0	0	0	0	0	0	0	0	0	0	0	0	0	0	0	0	0	0	0	0	0	0	0	0	0	0	0	
12/28/2014 12:30:59 AM	0	0	8	15.31	15.45	0	348	2402	4.082	4.0847	0	0	False	-0.25	-0.25	-0.2516667	0.25	0	0.1633	32.625	32.648	-1	0.057	4.082	4.082	4.082	4.082	4.082	4.082	4.082	4.082	0	0	0	0	0	0	0	0	0	0	0	0	0	0	0	0	0	0	0	0	0	0	0	0	0	0	0	0	0	0	0	0	0	0	0	0	0	0	0	0	0	0	0	
12/28/2014 12:31:10 AM	0	0	8	15.31	15.45	0	344	2412	4.082	4.0847	0	0	False	-0.25	-0.2483333	-0.2516667	0.25	0	0.164	32.637	32.643	-1	0.046	4.082	4.082	4.082	4.082	4.082	4.082	4.082	4.082	0	0	0	0	0	0	0	0	0	0	0	0	0	0	0	0	0	0	0	0	0	0	0	0	0	0	0	0	0	0	0	0	0	0	0	0	0	0	0	0	0	0	0	
12/28/2014 12:31:20 AM	0	0	8	15.31	15.45	0	342	2422	4.082	4.0847	0	0	False	-0.2516667	-0.2516667	-0.2516667	0.25	0	0.1647	32.637	32.638	-1	0.046	4.082	4.082	4.082	4.082	4.082	4.082	4.082	4.082	0	0	0	0	0	0	0	0	0	0	0	0	0	0	0	0	0	0	0	0	0	0	0	0	0	0	0	0	0	0	0	0	0	0	0	0	0	0	0	0	0	0	0	
12/28/2014 12:31:30 AM	0	0	8	15.31	15.45	0	344	2432	4.082	4.0847	0	0	False	-0.2516667	-0.2516667	-0.2483333	0.25	0	0.1654	32.625	32.637	-1	0.046	4.082	4.082	4.082	4.082	4.082	4.082	4.082	4.082	0	0	0	0	0	0	0	0	0	0	0	0	0	0	0	0	0	0	0	0	0	0	0	0	0	0	0	0	0	0	0	0	0	0	0	0	0	0	0	0	0	0	0	
12/28/2014 12:31:40 AM	0	0	8	15.31	15.45	0	342	2442	4.082	4.0844	0	0	False	-0.25	-0.2533333	-0.2433333	0.25	0	0.1661	32.625	32.637	-1	0.057	4.082	4.082	4.082	4.082	4.082	4.082	4.082	4.082	0	0	0	0	0	0	0	0	0	0	0	0	0	0	0	0	0	0	0	0	0	0	0	0	0	0	0	0	0	0	0	0	0	0	0	0	0	0	0	0	0	0	0	
12/28/2014 12:31:50 AM	0	0	8	15.31	15.45	0	346	2452	4.081	4.084	0	0	False	-0.25	-0.25	-0.2516667	0.25	0	0.1668	32.625	32.637	-1	0.046	4.081	4.081	4.081	4.081	4.081	4.081	4.081	4.081	0	0	0	0	0	0	0	0	0	0	0	0	0	0	0	0	0	0	0	0	0	0	0	0	0	0	0	0	0	0	0	0	0	0	0	0	0	0	0	0	0	0	0	
12/28/2014 12:32:00 AM	0	0	8	15.31	15.45	0	344	2462	4.081	4.0835	0	0	False	-0.2516667	-0.2516667	-0.2433333	0.25	0	0.1675	32.625	32.637	-1	0.046	4.081	4.081	4.081	4.081	4.081	4.081	4.081	4.081	0	0	0	0	0	0	0	0	0	0	0	0	0	0	0	0	0	0	0	0	0	0	0	0	0	0	0	0	0	0	0	0	0	0	0	0	0	0	0	0	0	0	0	
12/28/2014 12:32:10 AM	0	0	8	15.31	15.45	0	346	2472	4.081	4.0835	0	0	False	-0.25	-0.2516667	-0.2516667	0.25	0	0.1682	32.625	32.635	-1	0.046	4.081	4.081	4.081	4.081	4.081	4.081	4.081	4.081	0	0	0	0	0	0	0	0	0	0	0	0	0	0	0	0	0	0	0	0	0	0	0	0	0	0	0	0	0	0	0	0	0	0	0	0	0	0	0	0	0	0	0	
12/28/2014 12:32:21 AM	0	0	8	15.3	15.45	0	344	2482	4.081	4.0835	0	0	False	-0.2516667	-0.2516667	-0.2483333	0.25	0	0.1689	32.614	32.631	-1	0.046	4.081	4.081	4.081	4.081	4.081	4.081	4.081	4.081	0	0	0	0	0	0	0	0	0	0	0	0	0	0	0	0	0	0	0	0	0	0	0	0	0	0	0	0	0	0	0	0	0	0	0	0	0	0	0	0	0	0	0	
12/28/2014 12:32:31 AM	0	0	8	15.31	15.45	0	346	2493	4.081	4.0835	0	0	False	-0.2483333	-0.2483333	-0.2516667	0.25	0	0.1697	32.614	32.625	-1	0.046	4.081	4.081	4.081	4.081	4.081	4.081	4.081	4.081	0	0	0	0	0	0	0	0	0	0	0	0	0	0	0	0	0	0	0	0	0	0	0	0	0	0	0	0	0	0	0	0	0	0	0	0	0	0	0	0	0	0	0	
12/28/2014 12:32:41 AM	0	0	8	15.31	15.45	0	350	2503	4.08	4.0835	0	0	False	-0.2483333	-0.2466667	-0.2616667	0.25	0	0.1704	32.614	32.625	-1	0.046	4.08	4.08	4.08	4.08	4.08	4.08	4.08	4.08	0	0	0	0	0	0	0	0	0	0	0	0	0	0	0	0	0	0	0	0	0	0	0	0	0	0	0	0	0	0	0	0	0	0	0	0	0	0	0	0	0	0	0	
12/28/2014 12:32:51 AM	0	0	8	15.31	15.45	0	348	2513	4.08	4.0835	0	0	False	-0.2483333	-0.2483333	-0.2483333	0.25	0	0.1711	32.614	32.625	-1	0.046	4.08	4.08	4.08	4.08	4.08	4.08	4.08	4.08	0	0	0	0	0	0	0	0	0	0	0	0	0	0	0	0	0	0	0	0	0	0	0	0	0	0	0	0	0	0	0	0	0	0	0	0	0	0	0	0	0	0	0	
12/28/2014 12:33:01 AM	0	0	8	15.31	15.45	0	346	2523	4.08	4.0823	0	0	False	-0.25	-0.2516667	-0.2533333	0.25	0	0.1718	32.614	32.625	-1	0.057	4.08	4.08	4.08	4.08	4.08	4.08	4.08	4.08	0	0	0	0	0	0	0	0	0	0	0	0	0	0	0	0	0	0	0	0	0	0	0	0	0	0	0	0	0	0	0	0	0	0	0	0	0	0	0	0	0	0	0	
12/28/2014 12:33:11 AM	0	0	8	15.3	15.45	0	344	2533	4.08	4.0822	0	0	False	-0.25	-0.2516667	-0.2483333	0.25	0	0.1725	32.614	32.625	-1	0.046	4.08	4.08	4.08	4.08	4.08	4.08	4.08	4.08	0	0	0	0	0	0	0	0	0	0	0	0	0	0	0	0	0	0	0	0	0	0	0	0	0	0	0	0	0	0	0	0	0	0	0	0	0	0	0	0	0	0	0	
12/28/2014 12:33:21 AM	0	0	8	15.31	15.45	0	352	2543	4.08	4.0822	0	0	False	-0.2483333	-0.2483333	-0.2433333	0.25	0	0.1732	32.614	32.624	-1	0.046	4.08	4.08	4.08	4.08	4.08	4.08	4.08	4.08	0	0	0	0	0	0	0	0	0	0	0	0	0	0	0	0	0	0	0	0	0	0	0	0	0	0	0	0	0	0	0	0	0	0	0	0	0	0	0	0	0	0	0	
12/28/2014 12:33:32 AM	0	0	8	15.31	15.45	0	346	2553	4.079	4.0822	0	0	False	-0.25	-0.25	-0.2533333	0.25	0	0.1739	32.603	32.62	-1	0.046	4.079	4.079	4.079	4.079	4.079	4.079	4.079	4.079	0	0	0	0	0	0	0	0	0	0	0	0	0	0	0	0	0	0	0	0	0	0	0	0	0	0	0	0	0	0	0	0	0	0	0	0	0	0	0	0	0	0	0	
12/28/2014 12:33:42 AM	0	0	8	15.31	15.45	0	346	2561	4.079	4.0822	0	0	False	-0.2483333	-0.2516667	-0.2533333	0.25	0	0.1744	32.614	32.617	-1	0.057	4.079	4.079	4.079	4.079	4.079	4.079	4.079	4.079	0	0	0	0	0	0	0	0	0	0	0	0	0	0	0	0	0	0	0	0	0	0	0	0	0	0	0	0	0	0	0	0	0	0	0	0	0	0	0	0	0	0	0	
12/28/2014 12:33:52 AM	0	0	8	15.3	15.45	0	344	2571	4.079	4.0822	0	0	False	-0.2516667	-0.2516667	-0.2433333	0.25	0	0.1751	32.614	32.614	-1	0.046	4.079	4.079	4.079	4.079	4.079	4.079	4.079	4.079	0	0	0	0	0	0	0	0	0	0	0	0	0	0	0	0	0	0	0	0	0	0	0	0	0	0	0	0	0	0	0	0	0	0	0	0	0	0	0	0	0	0	0	
12/28/2014 12:34:02 AM	0	0	8	15.31	15.45	0	348	2583	4.079	4.0822	0	0	False	-0.2483333	-0.2483333	-0.2533333	0.25	0	0.1759	32.614	32.614	-1	0.046	4.079	4.079	4.079	4.079	4.079	4.079	4.079	4.079	0	0	0	0	0	0	0	0	0	0	0	0	0	0	0	0	0	0	0	0	0	0	0	0	0	0	0	0	0	0	0	0	0	0	0	0	0	0	0	0	0	0	0	
12/28/2014 12:34:12 AM	0	0	8	15.31	15.45	0	348	2593	4.079	4.0821	0	0	False	-0.2516667	-0.2483333	-0.2483333	0.25	0	0.1766	32.603	32.614	-1	0.057	4.079	4.079	4.079	4.079	4.079	4.079	4.079	4.079	0	0	0	0	0	0	0	0	0	0	0	0	0	0	0	0	0	0	0	0	0	0	0	0	0	0	0	0	0	0	0	0	0	0	0	0	0	0	0	0	0	0	0	
12/28/2014 12:34:22 AM	0	0	8	15.31	15.45	0	346	2603	4.079	4.0813	0	0	False	-0.25	-0.25	-0.2433333	0.25	0	0.1774	32.603	32.614	-1	0.046	4.079	4.079	4.079	4.079	4.079	4.079	4.079	4.079	0	0	0	0	0	0	0	0	0	0	0	0	0	0	0	0	0	0	0	0	0	0	0	0	0	0	0	0	0	0	0	0	0	0	0	0	0	0	0	0	0	0	0	
12/28/2014 12:34:32 AM	0	0	8	15.31	15.45	0	340	2614	4.079	4.081	0	0	False	-0.2533333	-0.2533333	-0.2616667	0.25	0	0.1781	32.603	32.614	-1	0.046	4.079	4.079	4.079	4.079	4.079	4.079	4.079	4.079	0	0	0	0	0	0	0	0	0	0	0	0	0	0	0	0	0	0	0	0	0	0	0	0	0	0	0	0	0	0	0	0	0	0	0	0	0	0	0	0	0	0	0	
12/28/2014 12:34:43 AM	0	0	8	15.31	15.45	0	346	2624	4.078	4.081	0	0	False	-0.25	-0.2483333	-0.2483333	0.25	0	0.1788	32.603	32.614	-1	0.046	4.078	4.078	4.078	4.078	4.078	4.078	4.078	4.078	0	0	0	0	0	0	0	0	0	0	0	0	0	0	0	0	0	0	0	0	0	0	0	0	0	0	0	0	0	0	0	0	0	0	0	0	0	0	0	0	0	0	0	
12/28/2014 12:34:53 AM	0	0	8	15.31	15.45	0	346	2634	4.078	4.081	0	0	False	-0.2483333	-0.2516667	-0.2516667	0.25	0	0.1795	32.603	32.613	-1	0.046	4.078	4.078	4.078	4.078	4.078	4.078	4.078	4.078	0	0	0	0	0	0	0	0	0	0	0	0	0	0	0	0	0	0	0	0	0	0	0	0	0	0	0	0	0	0	0	0	0	0	0	0	0	0	0	0	0	0	0	
12/28/2014 12:35:03 AM	0	0	8	15.31	15.45	0	344	2644	4.078	4.081	0	0	False	-0.2516667	-0.2533333	-0.2516667	0.25	0	0.1802	32.603	32.613	-1	0.046	4.078	4.078	4.078	4.078	4.078	4.078	4.078	4.078	0	0	0	0	0	0	0	0	0	0	0	0	0	0	0	0	0	0	0	0	0	0	0	0	0	0	0	0	0	0	0	0	0	0	0	0	0	0	0	0	0	0	0	
12/28/2014 12:35:13 AM	0	0	8	15.31	15.45	0	346	2654	4.078	4.081	0	0	False	-0.2483333	-0.25	-0.2483333	0.25	0	0.1809	32.591	32.61	-1	0.046	4.078	4.078	4.078	4.078	4.078	4.078	4.078	4.078	0	0	0	0	0	0	0	0	0	0	0	0	0	0	0	0	0	0	0	0	0	0	0	0	0	0	0	0	0	0	0	0	0	0	0	0	0	0	0	0	0	0	0	
12/28/2014 12:35:23 AM	0	0	8	15.31	15.45	0	348	2664	4.078	4.0807	0	0	False	-0.2516667	-0.25	-0.2516667	0.25	0	0.1816	32.591	32.603	-1	0.046	4.078	4.078	4.078	4.078	4.078	4.078	4.078	4.078	0	0	0	0	0	0	0	0	0	0	0	0	0	0	0	0	0	0	0	0	0	0	0	0	0	0	0	0	0	0	0	0	0	0	0	0	0	0	0	0	0	0	0	
12/28/2014 12:35:33 AM	0	0	8	15.31	15.45	0	342	2674	4.078	4.0801	0	0	False	-0.2516667	-0.2516667	-0.2516667	0.25	0	0.1823	32.591	32.603	-1	0.057	4.078	4.078	4.078	4.078	4.078	4.078	4.078	4.078	0	0	0	0	0	0	0	0	0	0	0	0	0	0	0	0	0	0	0	0	0	0	0	0	0	0	0	0	0	0	0	0	0	0	0	0	0	0	0	0	0	0	0	
12/28/2014 12:35:43 AM	0	0	8	15.31	15.45	0	350	2684	4.077	4.0797	0	0	False	-0.25	-0.25	-0.2616667	0.25	0	0.183	32.591	32.603	-1	0.057	4.077	4.077	4.077	4.077	4.077	4.077	4.077	4.077	0	0	0	0	0	0	0	0	0	0	0	0	0	0	0	0	0	0	0	0	0	0	0	0	0	0	0	0	0	0	0	0	0	0	0	0	0	0	0	0	0	0	0	
12/28/2014 12:35:54 AM	0	0	8	15.31	15.45	0	348	2694	4.077	4.0797	0	0	False	-0.2483333	-0.25	-0.2516667	0.25	0	0.1837	32.591	32.603	-1	0.046	4.077	4.077	4.077	4.077	4.077	4.077	4.077	4.077	0	0	0	0	0	0	0	0	0	0	0	0	0	0	0	0	0	0	0	0	0	0	0	0	0	0	0	0	0	0	0	0	0	0	0	0	0	0	0	0	0	0	0	
12/28/2014 12:36:04 AM	0	0	8	15.31	15.45	0	342	2704	4.077	4.0797	0	0	False	-0.2516667	-0.25	-0.2433333	0.25	0	0.1844	32.591	32.603	-1	0.046	4.077	4.077	4.077	4.077	4.077	4.077	4.077	4.077	0	0	0	0	0	0	0	0	0	0	0	0	0	0	0	0	0	0	0	0	0	0	0	0	0	0	0	0	0	0	0	0	0	0	0	0	0	0	0	0	0	0	0	
12/28/2014 12:36:14 AM	0	0	8	15.31	15.45	0	348	2714	4.077	4.0797	0	0	False	-0.25	-0.2483333	-0.2516667	0.25	0	0.1851	32.591	32.6	-1	0.046	4.077	4.077	4.077	4.077	4.077	4.077	4.077	4.077	0	0	0	0	0	0	0	0	0	0	0	0	0	0	0	0	0	0	0	0	0	0	0	0	0	0	0	0	0	0	0	0	0	0	0	0	0	0	0	0	0	0	0	
12/28/2014 12:36:24 AM	0	0	8	15.31	15.45	0	344	2725	4.077	4.0797	0	0	False	-0.25	-0.2483333	-0.2483333	0.25	0	0.1858	32.591	32.598	-1	0.046	4.077	4.077	4.077	4.077	4.077	4.077	4.077	4.077	0	0	0	0	0	0	0	0	0	0	0	0	0	0	0	0	0	0	0	0	0	0	0	0	0	0	0	0	0	0	0	0	0	0	0	0	0	0	0	0	0	0	0	
12/28/2014 12:36:34 AM	0	0	8	15.31	15.45	0	350	2735	4.077	4.0797	0	0	False	-0.2483333	-0.2483333	-0.2533333	0.25	0	0.1865	32.591	32.597	-1	0.046	4.077	4.077	4.077	4.077	4.077	4.077	4.077	4.077	0	0	0	0	0	0	0	0	0	0	0	0	0	0	0	0	0	0	0	0	0	0	0	0	0	0	0	0	0	0	0	0	0	0	0	0	0	0	0	0	0	0	0	
12/28/2014 12:36:44 AM	0	0	8	15.31	15.45	0	340	2745	4.077	4.0797	0	0	False	-0.2516667	-0.25	-0.2483333	0.25	0	0.1872	32.591	32.595	-1	0.046	4.077	4.077	4.077	4.077	4.077	4.077	4.077	4.077	0	0	0	0	0	0	0	0	0	0	0	0	0	0	0	0	0	0	0	0	0	0	0	0	0	0	0	0	0	0	0	0	0	0	0	0	0	0	0	0	0	0	0	
12/28/2014 12:36:55 AM	0	0	8	15.31	15.45	0	350	2754	4.077	4.0797	0	0	False	-0.25	-0.25	-0.2483333	0.25	0	0.1879	32.591	32.591	-1	0.046	4.077	4.077	4.077	4.077	4.077	4.077	4.077	4.077	0	0	0	0	0	0	0	0	0	0	0	0	0	0	0	0	0	0	0	0	0	0	0	0	0	0	0	0	0	0	0	0	0	0	0	0	0	0	0	0	0	0	0	
12/28/2014 12:37:05 AM	0	0	8	15.3	15.45	0	342	2765	4.076	4.0793	0	0	False	-0.2533333	-0.2516667	-0.2533333	0.25	0	0.1886	32.58	32.591	-1	0.057	4.076	4.076	4.076	4.076	4.076	4.076	4.076	4.076	0	0	0	0	0	0	0	0	0	0	0	0	0	0	0	0	0	0	0	0	0	0	0	0	0	0	0	0	0	0	0	0	0	0	0	0	0	0	0	0	0	0	0	
12/28/2014 12:37:15 AM	0	0	8	15.31	15.45	0	348	2775	4.076	4.079	0	0	False	-0.25	-0.2516667	-0.2433333	0.25	0	0.1893	32.58	32.591	-1	0.046	4.076	4.076	4.076	4.076	4.076	4.076	4.076	4.076	0	0	0	0	0	0	0	0	0	0	0	0	0	0	0	0	0	0	0	0	0	0	0	0	0	0	0	0	0	0	0	0	0	0	0	0	0	0	0	0	0	0	0	
12/28/2014 12:37:25 AM	0	0	8	15.31	15.45	0	342	2785	4.076	4.0785	0	0	False	-0.25	-0.2533333	-0.2533333	0.25	0	0.19	32.58	32.591	-1	0.046	4.076	4.076	4.076	4.076	4.076	4.076	4.076	4.076	0	0	0	0	0	0	0	0	0	0	0	0	0	0	0	0	0	0	0	0	0	0	0	0	0	0	0	0	0	0	0	0	0	0	0	0	0	0	0	0	0	0	0	
12/28/2014 12:37:35 AM	0	0	8	15.31	15.45	0	348	2795	4.076	4.0785	0	0	False	-0.25	-0.25	-0.2483333	0.25	0	0.1907	32.58	32.59	-1	0.046	4.076	4.076	4.076	4.076	4.076	4.076	4.076	4.076	0	0	0	0	0	0	0	0	0	0	0	0	0	0	0	0	0	0	0	0	0	0	0	0	0	0	0	0	0	0	0	0	0	0	0	0	0	0	0	0	0	0	0	
12/28/2014 12:37:45 AM	0	0	8	15.31	15.45	0	342	2805	4.076	4.0785	0	0	False	-0.25	-0.2533333	-0.2433333	0.25	0	0.1914	32.58	32.591	-1	0.046	4.076	4.076	4.076	4.076	4.076	4.076	4.076	4.076	0	0	0	0	0	0	0	0	0	0	0	0	0	0	0	0	0	0	0	0	0	0	0	0	0	0	0	0	0	0	0	0	0	0	0	0	0	0	0	0	0	0	0	
12/28/2014 12:37:55 AM	0	0	8	15.31	15.45	0	346	2815	4.076	4.0785	0	0	False	-0.25	-0.25	-0.2616667	0.25	0	0.1921	32.58	32.591	-1	0.046	4.076	4.076	4.076	4.076	4.076	4.076	4.076	4.076	0	0	0	0	0	0	0	0	0	0	0	0	0	0	0	0	0	0	0	0	0	0	0	0	0	0	0	0	0	0	0	0	0	0	0	0	0	0	0	0	0	0	0	
12/28/2014 12:38:05 AM	0	0	8	15.31	15.45	0	344	2825	4.075	4.0785	0	0	False	-0.2516667	-0.2516667	-0.2533333	0.25	0	0.1928	32.58	32.59	-1	0.046	4.075	4.075	4.075	4.075	4.075	4.075	4.075	4.075	0	0	0	0	0	0	0	0	0	0	0	0	0	0	0	0	0	0	0	0	0	0	0	0	0	0	0	0	0	0	0	0	0	0	0	0	0	0	0	0	0	0	0	
12/28/2014 12:38:16 AM	0	0	8	15.31	15.45	0	350	2836	4.075	4.0785	0	0	False	-0.2483333	-0.2483333	-0.2516667	0.25	0	0.1936	32.58	32.589	-1	0.057	4.075	4.075	4.075	4.075	4.075	4.075	4.075	4.075	0	0	0	0	0	0	0	0	0	0	0	0	0	0	0	0	0	0	0	0	0	0	0	0	0	0	0	0	0	0	0	0	0	0	0	0	0	0	0	0	0	0	0	
12/28/2014 12:38:26 AM	0	0	8	15.31	15.45	0	348	2846	4.075	4.0785	0	0	False	-0.2483333	-0.2466667	-0.2616667	0.25	0	0.1943	32.58	32.587	-1	0.046	4.075	4.075	4.075	4.075	4.075	4.075	4.075	4.075	0	0	0	0	0	0	0	0	0	0	0	0	0	0	0	0	0	0	0	0	0	0	0	0	0	0	0	0	0	0	0	0	0	0	0	0	0	0	0	0	0	0	0	
12/28/2014 12:38:36 AM	0	0	8	15.31	15.45	0	350	2856	4.075	4.0785	0	0	False	-0.25	-0.25	-0.2483333	0.25	0	0.195	32.58	32.585	-1	0.046	4.075	4.075	4.075	4.075	4.075	4.075	4.075	4.075	0	0	0	0	0	0	0	0	0	0	0	0	0	0	0	0	0	0	0	0	0	0	0	0	0	0	0	0	0	0	0	0	0	0	0	0	0	0	0	0	0	0	0	
12/28/2014 12:38:46 AM	0	0	8	15.31	15.45	0	346	2866	4.075	4.0777	0	0	False	-0.25	-0.2516667	-0.2516667	0.25	0	0.1957	32.58	32.58	-1	0.046	4.075	4.075	4.075	4.075	4.075	4.075	4.075	4.075	0	0	0	0	0	0	0	0	0	0	0	0	0	0	0	0	0	0	0	0	0	0	0	0	0	0	0	0	0	0	0	0	0	0	0	0	0	0	0	0	0	0	0	
12/28/2014 12:38:56 AM	0	0	8	15.31	15.45	0	344	2876	4.075	4.0773	0	0	False	-0.2516667	-0.2516667	-0.2483333	0.25	0	0.1964	32.58	32.58	-1	0.046	4.075	4.075	4.075	4.075	4.075	4.075	4.075	4.075	0	0	0	0	0	0	0	0	0	0	0	0	0	0	0	0	0	0	0	0	0	0	0	0	0	0	0	0	0	0	0	0	0	0	0	0	0	0	0	0	0	0	0	
12/28/2014 12:39:06 AM	0	0	8	15.31	15.45	0	346	2886	4.075	4.0772	0	0	False	-0.25	-0.2516667	-0.2516667	0.25	0	0.1971	32.568	32.58	-1	0.046	4.075	4.075	4.075	4.075	4.075	4.075	4.075	4.075	0	0	0	0	0	0	0	0	0	0	0	0	0	0	0	0	0	0	0	0	0	0	0	0	0	0	0	0	0	0	0	0	0	0	0	0	0	0	0	0	0	0	0	
12/28/2014 12:39:17 AM	0	0	8	15.31	15.45	0	344	2896	4.075	4.0772	0	0	False	-0.2516667	-0.25	-0.2483333	0.25	0	0.1978	32.568	32.58	-1	0.046	4.075	4.075	4.075	4.075	4.075	4.075	4.075	4.075	0	0	0	0	0	0	0	0	0	0	0	0	0	0	0	0	0	0	0	0	0	0	0	0	0	0	0	0	0	0	0	0	0	0	0	0	0	0	0	0	0	0	0	
12/28/2014 12:39:27 AM	0	0	8	15.31	15.45	0	344	2906	4.074	4.0772	0	0	False	-0.2483333	-0.2516667	-0.2616667	0.25	0	0.1985	32.568	32.58	-1	0.057	4.074	4.074	4.074	4.074	4.074	4.074	4.074	4.074	0	0	0	0	0	0	0	0	0	0	0	0	0	0	0	0	0	0	0	0	0	0	0	0	0	0	0	0	0	0	0	0	0	0	0	0	0	0	0	0	0	0	0	
12/28/2014 12:39:37 AM	0	0	8	15.31	15.45	0	346	2916	4.074	4.0772	0	0	False	-0.2483333	-0.2466667	-0.2483333	0.25	0	0.1992	32.568	32.58	-1	0.046	4.074	4.074	4.074	4.074	4.074	4.074	4.074	4.074	0	0	0	0	0	0	0	0	0	0	0	0	0	0	0	0	0	0	0	0	0	0	0	0	0	0	0	0	0	0	0	0	0	0	0	0	0	0	0	0	0	0	0	
12/28/2014 12:39:47 AM	0	0	8	15.3	15.45	0	344	2926	4.074	4.0772	0	0	False	-0.2516667	-0.2516667	-0.2483333	0.25	0	0.1999	32.568	32.58	-1	0.046	4.074	4.074	4.074	4.074	4.074	4.074	4.074	4.074	0	0	0	0	0	0	0	0	0	0	0	0	0	0	0	0	0	0	0	0	0	0	0	0	0	0	0	0	0	0	0	0	0	0	0	0	0	0	0	0	0	0	0	
12/28/2014 12:39:57 AM	0	0	8	15.3	15.45	0	346	2936	4.074	4.0772	0	0	False	-0.25	-0.25	-0.2483333	0.25	0	0.2006	32.568	32.579	-1	0.046	4.074	4.074	4.074	4.074	4.074	4.074	4.074	4.074	0	0	0	0	0	0	0	0	0	0	0	0	0	0	0	0	0	0	0	0	0	0	0	0	0	0	0	0	0	0	0	0	0	0	0	0	0	0	0	0	0	0	0	
12/28/2014 12:40:07 AM	0	0	8	15.31	15.45	0	342	2947	4.074	4.0772	0	0	False	-0.25	-0.25	-0.2483333	0.25	0	0.2013	32.568	32.577	-1	0.046	4.074	4.074	4.074	4.074	4.074	4.074	4.074	4.074	0	0	0	0	0	0	0	0	0	0	0	0	0	0	0	0	0	0	0	0	0	0	0	0	0	0	0	0	0	0	0	0	0	0	0	0	0	0	0	0	0	0	0	
12/28/2014 12:40:17 AM	0	0	8	15.31	15.45	0	348	2957	4.074	4.0771	0	0	False	-0.2516667	-0.2516667	-0.2483333	0.25	0	0.202	32.568	32.576	-1	0.046	4.074	4.074	4.074	4.074	4.074	4.074	4.074	4.074	0	0	0	0	0	0	0	0	0	0	0	0	0	0	0	0	0	0	0	0	0	0	0	0	0	0	0	0	0	0	0	0	0	0	0	0	0	0	0	0	0	0	0	
12/28/2014 12:40:28 AM	0	0	8	15.31	15.45	0	350	2967	4.074	4.0771	0	0	False	-0.2483333	-0.2483333	-0.2533333	0.25	0	0.2027	32.568	32.575	-1	0.046	4.074	4.074	4.074	4.074	4.074	4.074	4.074	4.074	0	0	0	0	0	0	0	0	0	0	0	0	0	0	0	0	0	0	0	0	0	0	0	0	0	0	0	0	0	0	0	0	0	0	0	0	0	0	0	0	0	0	0	
12/28/2014 12:40:38 AM	0	0	8	15.31	15.45	0	344	2977	4.074	4.0764	0	0	False	-0.25	-0.25	-0.2433333	0.25	0	0.2034	32.557	32.569	-1	0.046	4.074	4.074	4.074	4.074	4.074	4.074	4.074	4.074	0	0	0	0	0	0	0	0	0	0	0	0	0	0	0	0	0	0	0	0	0	0	0	0	0	0	0	0	0	0	0	0	0	0	0	0	0	0	0	0	0	0	0	
12/28/2014 12:40:48 AM	0	0	8	15.31	15.45	0	346	2987	4.073	4.076	0	0	False	-0.2483333	-0.25	-0.2533333	0.25	0	0.2041	32.557	32.568	-1	0.057	4.073	4.073	4.073	4.073	4.073	4.073	4.073	4.073	0	0	0	0	0	0	0	0	0	0	0	0	0	0	0	0	0	0	0	0	0	0	0	0	0	0	0	0	0	0	0	0	0	0	0	0	0	0	0	0	0	0	0	
12/28/2014 12:40:58 AM	0	0	8	15.31	15.45	0	354	2997	4.073	4.076	0	0	False	-0.2483333	-0.2483333	-0.2483333	0.25	0	0.2048	32.568	32.568	-1	0.057	4.073	4.073	4.073	4.073	4.073	4.073	4.073	4.073	0	0	0	0	0	0	0	0	0	0	0	0	0	0	0	0	0	0	0	0	0	0	0	0	0	0	0	0	0	0	0	0	0	0	0	0	0	0	0	0	0	0	0	
12/28/2014 12:41:08 AM	0	0	8	15.31	15.45	0	348	3007	4.073	4.076	0	0	False	-0.2516667	-0.2516667	-0.2483333	0.25	0	0.2055	32.568	32.568	-1	0.057	4.073	4.073	4.073	4.073	4.073	4.073	4.073	4.073	0	0	0	0	0	0	0	0	0	0	0	0	0	0	0	0	0	0	0	0	0	0	0	0	0	0	0	0	0	0	0	0	0	0	0	0	0	0	0	0	0	0	0	
12/28/2014 12:41:18 AM	0	0	8	15.31	15.45	0	342	3017	4.073	4.076	0	0	False	-0.25	-0.25	-0.2433333	0.25	0	0.2062	32.568	32.568	-1	0.057	4.073	4.073	4.073	4.073	4.073	4.073	4.073	4.073	0	0	0	0	0	0	0	0	0	0	0	0	0	0	0	0	0	0	0	0	0	0	0	0	0	0	0	0	0	0	0	0	0	0	0	0	0	0	0	0	0	0	0	
12/28/2014 12:41:28 AM	0	0	8	15.31	15.45	0	344	3027	4.073	4.076	0	0	False	-0.25	-0.25	-0.2433333	0.25	0	0.2069	32.557	32.568	-1	0.046	4.073	4.073	4.073	4.073	4.073	4.073	4.073	4.073	0	0	0	0	0	0	0	0	0	0	0	0	0	0	0	0	0	0	0	0	0	0	0	0	0	0	0	0	0	0	0	0	0	0	0	0	0	0	0	0	0	0	0	
12/28/2014 12:41:39 AM	0	0	8	15.31	15.45	0	348	3037	4.073	4.076	0	0	False	-0.25	-0.2483333	-0.2433333	0.25	0	0.2076	32.557	32.568	-1	0.046	4.073	4.073	4.073	4.073	4.073	4.073	4.073	4.073	0	0	0	0	0	0	0	0	0	0	0	0	0	0	0	0	0	0	0	0	0	0	0	0	0	0	0	0	0	0	0	0	0	0	0	0	0	0	0	0	0	0	0	
12/28/2014 12:41:49 AM	0	0	8	15.31	15.45	0	350	3047	4.073	4.076	0	0	False	-0.2516667	-0.2466667	-0.2483333	0.25	0	0.2083	32.557	32.567	-1	0.046	4.073	4.073	4.073	4.073	4.073	4.073	4.073	4.073	0	0	0	0	0	0	0	0	0	0	0	0	0	0	0	0	0	0	0	0	0	0	0	0	0	0	0	0	0	0	0	0	0	0	0	0	0	0	0	0	0	0	0	
12/28/2014 12:41:59 AM	0	0	8	15.31	15.45	0	344	3057	4.073	4.076	0	0	False	-0.25	-0.25	-0.2433333	0.25	0	0.2091	32.557	32.567	-1	0.046	4.073	4.073	4.073	4.073	4.073	4.073	4.073	4.073	0	0	0	0	0	0	0	0	0	0	0	0	0	0	0	0	0	0	0	0	0	0	0	0	0	0	0	0	0	0	0	0	0	0	0	0	0	0	0	0	0	0	0	
12/28/2014 12:42:09 AM	0	0	8	15.31	15.45	0	350	3068	4.073	4.076	0	0	False	-0.25	-0.25	-0.2516667	0.25	0	0.2097	32.557	32.566	-1	0.046	4.073	4.073	4.073	4.073	4.073	4.073	4.073	4.073	0	0	0	0	0	0	0	0	0	0	0	0	0	0	0	0	0	0	0	0	0	0	0	0	0	0	0	0	0	0	0	0	0	0	0	0	0	0	0	0	0	0	0	
12/28/2014 12:42:19 AM	0	0	8	15.31	15.45	0	344	3078	4.072	4.0759	0	0	False	-0.2516667	-0.2516667	-0.2433333	0.25	0	0.2104	32.545	32.561	-1	0.057	4.072	4.072	4.072	4.072	4.072	4.072	4.072	4.072	0	0	0	0	0	0	0	0	0	0	0	0	0	0	0	0	0	0	0	0	0	0	0	0	0	0	0	0	0	0	0	0	0	0	0	0	0	0	0	0	0	0	0	
12/28/2014 12:42:29 AM	0	0	8	15.31	15.45	0	340	3088	4.072	4.0756	0	0	False	-0.2533333	-0.255	-0.2616667	0.25	0	0.2111	32.557	32.559	-1	0.046	4.072	4.072	4.072	4.072	4.072	4.072	4.072	4.072	0	0	0	0	0	0	0	0	0	0	0	0	0	0	0	0	0	0	0	0	0	0	0	0	0	0	0	0	0	0	0	0	0	0	0	0	0	0	0	0	0	0	0	
12/28/2014 12:42:39 AM	0	0	8	15.3	15.45	0	350	3098	4.072	4.0753	0	0	False	-0.2516667	-0.25	-0.2516667	0.25	0	0.2118	32.557	32.557	-1	0.046	4.072	4.072	4.072	4.072	4.072	4.072	4.072	4.072	0	0	0	0	0	0	0	0	0	0	0	0	0	0	0	0	0	0	0	0	0	0	0	0	0	0	0	0	0	0	0	0	0	0	0	0	0	0	0	0	0	0	0	
12/28/2014 12:42:50 AM	0	0	8	15.31	15.45	0	344	3108	4.072	4.0749	0	0	False	-0.2516667	-0.2483333	-0.2433333	0.25	0	0.2125	32.545	32.557	-1	0.046	4.072	4.072	4.072	4.072	4.072	4.072	4.072	4.072	0	0	0	0	0	0	0	0	0	0	0	0	0	0	0	0	0	0	0	0	0	0	0	0	0	0	0	0	0	0	0	0	0	0	0	0	0	0	0	0	0	0	0	
12/28/2014 12:43:00 AM	0	0	8	15.31	15.45	0	346	3118	4.072	4.0747	0	0	False	-0.2516667	-0.2516667	-0.2433333	0.25	0	0.2132	32.557	32.557	-1	0.046	4.072	4.072	4.072	4.072	4.072	4.072	4.072	4.072	0	0	0	0	0	0	0	0	0	0	0	0	0	0	0	0	0	0	0	0	0	0	0	0	0	0	0	0	0	0	0	0	0	0	0	0	0	0	0	0	0	0	0	
12/28/2014 12:43:10 AM	0	0	8	15.31	15.45	0	346	3128	4.072	4.0747	0	0	False	-0.25	-0.255	-0.2433333	0.25	0	0.2139	32.545	32.557	-1	0.057	4.072	4.072	4.072	4.072	4.072	4.072	4.072	4.072	0	0	0	0	0	0	0	0	0	0	0	0	0	0	0	0	0	0	0	0	0	0	0	0	0	0	0	0	0	0	0	0	0	0	0	0	0	0	0	0	0	0	0	
12/28/2014 12:43:20 AM	0	0	8	15.31	15.45	0	344	3138	4.072	4.0747	0	0	False	-0.2516667	-0.2516667	-0.2516667	0.25	0	0.2146	32.557	32.557	-1	0.057	4.072	4.072	4.072	4.072	4.072	4.072	4.072	4.072	0	0	0	0	0	0	0	0	0	0	0	0	0	0	0	0	0	0	0	0	0	0	0	0	0	0	0	0	0	0	0	0	0	0	0	0	0	0	0	0	0	0	0	
12/28/2014 12:43:30 AM	0	0	8	15.31	15.45	0	350	3148	4.072	4.0747	0	0	False	-0.25	-0.25	-0.2516667	0.25	0	0.2153	32.545	32.557	-1	0.046	4.072	4.072	4.072	4.072	4.072	4.072	4.072	4.072	0	0	0	0	0	0	0	0	0	0	0	0	0	0	0	0	0	0	0	0	0	0	0	0	0	0	0	0	0	0	0	0	0	0	0	0	0	0	0	0	0	0	0	
12/28/2014 12:43:40 AM	0	0	8	15.31	15.45	0	344	3158	4.071	4.0747	0	0	False	-0.25	-0.25	-0.2433333	0.25	0	0.216	32.545	32.556	-1	0.046	4.071	4.071	4.071	4.071	4.071	4.071	4.071	4.071	0	0	0	0	0	0	0	0	0	0	0	0	0	0	0	0	0	0	0	0	0	0	0	0	0	0	0	0	0	0	0	0	0	0	0	0	0	0	0	0	0	0	0	
12/28/2014 12:43:50 AM	0	0	8	15.31	15.45	0	346	3168	4.071	4.0747	0	0	False	-0.2516667	-0.2516667	-0.2483333	0.25	0	0.2168	32.545	32.556	-1	0.046	4.071	4.071	4.071	4.071	4.071	4.071	4.071	4.071	0	0	0	0	0	0	0	0	0	0	0	0	0	0	0	0	0	0	0	0	0	0	0	0	0	0	0	0	0	0	0	0	0	0	0	0	0	0	0	0	0	0	0	
12/28/2014 12:44:01 AM	0	0	8	15.3	15.45	0	342	3179	4.071	4.0747	0	0	False	-0.2516667	-0.25	-0.235	0.25	0	0.2175	32.545	32.556	-1	0.046	4.071	4.071	4.071	4.071	4.071	4.071	4.071	4.071	0	0	0	0	0	0	0	0	0	0	0	0	0	0	0	0	0	0	0	0	0	0	0	0	0	0	0	0	0	0	0	0	0	0	0	0	0	0	0	0	0	0	0	
12/28/2014 12:44:11 AM	0	0	8	15.31	15.45	0	348	3189	4.071	4.0746	0	0	False	-0.2483333	-0.25	-0.2483333	0.25	0	0.2182	32.534	32.554	-1	0.046	4.071	4.071	4.071	4.071	4.071	4.071	4.071	4.071	0	0	0	0	0	0	0	0	0	0	0	0	0	0	0	0	0	0	0	0	0	0	0	0	0	0	0	0	0	0	0	0	0	0	0	0	0	0	0	0	0	0	0	
12/28/2014 12:44:21 AM	0	0	8	15.31	15.45	0	346	3199	4.071	4.0744	0	0	False	-0.2483333	-0.25	-0.2533333	0.25	0	0.2189	32.545	32.553	-1	0.046	4.071	4.071	4.071	4.071	4.071	4.071	4.071	4.071	0	0	0	0	0	0	0	0	0	0	0	0	0	0	0	0	0	0	0	0	0	0	0	0	0	0	0	0	0	0	0	0	0	0	0	0	0	0	0	0	0	0	0	
12/28/2014 12:44:31 AM	0	0	8	15.31	15.45	0	348	3209	4.071	4.074	0	0	False	-0.2483333	-0.25	-0.2533333	0.25	0	0.2196	32.545	32.551	-1	0.057	4.071	4.071	4.071	4.071	4.071	4.071	4.071	4.071	0	0	0	0	0	0	0	0	0	0	0	0	0	0	0	0	0	0	0	0	0	0	0	0	0	0	0	0	0	0	0	0	0	0	0	0	0	0	0	0	0	0	0	
12/28/2014 12:44:41 AM	0	0	8	15.31	15.45	0	340	3219	4.071	4.0735	0	0	False	-0.2516667	-0.2533333	-0.2533333	0.25	0	0.2203	32.545	32.545	-1	0.046	4.071	4.071	4.071	4.071	4.071	4.071	4.071	4.071	0	0	0	0	0	0	0	0	0	0	0	0	0	0	0	0	0	0	0	0	0	0	0	0	0	0	0	0	0	0	0	0	0	0	0	0	0	0	0	0	0	0	0	
12/28/2014 12:44:51 AM	0	0	8	15.31	15.45	0	350	3229	4.071	4.0735	0	0	False	-0.25	-0.2466667	-0.2433333	0.25	0	0.221	32.545	32.545	-1	0.046	4.071	4.071	4.071	4.071	4.071	4.071	4.071	4.071	0	0	0	0	0	0	0	0	0	0	0	0	0	0	0	0	0	0	0	0	0	0	0	0	0	0	0	0	0	0	0	0	0	0	0	0	0	0	0	0	0	0	0	
12/28/2014 12:45:01 AM	0	0	8	15.31	15.44	0	342	3238	4.071	4.0735	0	0	False	-0.2533333	-0.255	-0.2433333	0.25	0	0.2216	32.534	32.545	-1	0.057	4.071	4.071	4.071	4.071	4.071	4.071	4.071	4.071	0	0	0	0	0	0	0	0	0	0	0	0	0	0	0	0	0	0	0	0	0	0	0	0	0	0	0	0	0	0	0	0	0	0	0	0	0	0	0	0	0	0	0	
12/28/2014 12:45:12 AM	0	0	8	15.31	15.45	0	346	3249	4.07	4.0735	0	0	False	-0.2483333	-0.2483333	-0.2533333	0.25	0	0.2224	32.534	32.545	-1	0.057	4.07	4.07	4.07	4.07	4.07	4.07	4.07	4.07	0	0	0	0	0	0	0	0	0	0	0	0	0	0	0	0	0	0	0	0	0	0	0	0	0	0	0	0	0	0	0	0	0	0	0	0	0	0	0	0	0	0	0	
12/28/2014 12:45:22 AM	0	0	8	15.31	15.45	0	340	3259	4.07	4.0735	0	0	False	-0.25	-0.2516667	-0.2483333	0.25	0	0.2231	32.545	32.545	-1	0.046	4.07	4.07	4.07	4.07	4.07	4.07	4.07	4.07	0	0	0	0	0	0	0	0	0	0	0	0	0	0	0	0	0	0	0	0	0	0	0	0	0	0	0	0	0	0	0	0	0	0	0	0	0	0	0	0	0	0	0	
12/28/2014 12:45:32 AM	0	0	8	15.31	15.45	0	344	3269	4.07	4.0735	0	0	False	-0.2483333	-0.2533333	-0.2533333	0.25	0	0.2238	32.545	32.545	-1	0.046	4.07	4.07	4.07	4.07	4.07	4.07	4.07	4.07	0	0	0	0	0	0	0	0	0	0	0	0	0	0	0	0	0	0	0	0	0	0	0	0	0	0	0	0	0	0	0	0	0	0	0	0	0	0	0	0	0	0	0	
12/28/2014 12:45:42 AM	0	0	8	15.31	15.45	0	346	3279	4.07	4.0735	0	0	False	-0.25	-0.25	-0.2533333	0.25	0	0.2245	32.534	32.545	-1	0.046	4.07	4.07	4.07	4.07	4.07	4.07	4.07	4.07	0	0	0	0	0	0	0	0	0	0	0	0	0	0	0	0	0	0	0	0	0	0	0	0	0	0	0	0	0	0	0	0	0	0	0	0	0	0	0	0	0	0	0	
12/28/2014 12:45:52 AM	0	0	8	15.31	15.45	0	348	3290	4.07	4.0734	0	0	False	-0.2483333	-0.2483333	-0.2483333	0.25	0	0.2252	32.534	32.545	-1	0.057	4.07	4.07	4.07	4.07	4.07	4.07	4.07	4.07	0	0	0	0	0	0	0	0	0	0	0	0	0	0	0	0	0	0	0	0	0	0	0	0	0	0	0	0	0	0	0	0	0	0	0	0	0	0	0	0	0	0	0	
12/28/2014 12:46:02 AM	0	0	8	15.3	15.45	0	346	3300	4.07	4.0735	0	0	False	-0.25	-0.25	-0.2483333	0.25	0	0.2259	32.534	32.545	-1	0.046	4.07	4.07	4.07	4.07	4.07	4.07	4.07	4.07	0	0	0	0	0	0	0	0	0	0	0	0	0	0	0	0	0	0	0	0	0	0	0	0	0	0	0	0	0	0	0	0	0	0	0	0	0	0	0	0	0	0	0	
12/28/2014 12:46:12 AM	0	0	8	15.31	15.45	0	346	3310	4.07	4.0734	0	0	False	-0.25	-0.25	-0.2483333	0.25	0	0.2266	32.534	32.544	-1	0.046	4.07	4.07	4.07	4.07	4.07	4.07	4.07	4.07	0	0	0	0	0	0	0	0	0	0	0	0	0	0	0	0	0	0	0	0	0	0	0	0	0	0	0	0	0	0	0	0	0	0	0	0	0	0	0	0	0	0	0	
12/28/2014 12:46:23 AM	0	0	8	15.31	15.45	0	344	3320	4.07	4.0731	0	0	False	-0.2516667	-0.25	-0.2483333	0.25	0	0.2273	32.522	32.544	-1	0.046	4.07	4.07	4.07	4.07	4.07	4.07	4.07	4.07	0	0	0	0	0	0	0	0	0	0	0	0	0	0	0	0	0	0	0	0	0	0	0	0	0	0	0	0	0	0	0	0	0	0	0	0	0	0	0	0	0	0	0	
12/28/2014 12:46:33 AM	0	0	8	15.31	15.45	0	342	3330	4.07	4.0725	0	0	False	-0.25	-0.2516667	-0.2516667	0.25	0	0.228	32.534	32.542	-1	0.046	4.07	4.07	4.07	4.07	4.07	4.07	4.07	4.07	0	0	0	0	0	0	0	0	0	0	0	0	0	0	0	0	0	0	0	0	0	0	0	0	0	0	0	0	0	0	0	0	0	0	0	0	0	0	0	0	0	0	0	
12/28/2014 12:46:43 AM	0	0	8	15.31	15.45	0	344	3340	4.07	4.0722	0	0	False	-0.25	-0.2516667	-0.2516667	0.25	0	0.2287	32.534	32.542	-1	0.046	4.07	4.07	4.07	4.07	4.07	4.07	4.07	4.07	0	0	0	0	0	0	0	0	0	0	0	0	0	0	0	0	0	0	0	0	0	0	0	0	0	0	0	0	0	0	0	0	0	0	0	0	0	0	0	0	0	0	0	
12/28/2014 12:46:53 AM	0	0	8	15.31	15.45	0	342	3350	4.07	4.0722	0	0	False	-0.25	-0.2516667	-0.2516667	0.25	0	0.2294	32.534	32.537	-1	0.046	4.07	4.07	4.07	4.07	4.07	4.07	4.07	4.07	0	0	0	0	0	0	0	0	0	0	0	0	0	0	0	0	0	0	0	0	0	0	0	0	0	0	0	0	0	0	0	0	0	0	0	0	0	0	0	0	0	0	0	
12/28/2014 12:47:03 AM	0	0	8	15.31	15.45	0	342	3360	4.069	4.0722	0	0	False	-0.2516667	-0.2516667	-0.2516667	0.25	0	0.2301	32.522	32.534	-1	0.046	4.069	4.069	4.069	4.069	4.069	4.069	4.069	4.069	0	0	0	0	0	0	0	0	0	0	0	0	0	0	0	0	0	0	0	0	0	0	0	0	0	0	0	0	0	0	0	0	0	0	0	0	0	0	0	0	0	0	0	
12/28/2014 12:47:13 AM	0	0	8	15.31	15.45	0	348	3370	4.069	4.0722	0	0	False	-0.25	-0.25	-0.2516667	0.25	0	0.2308	32.534	32.534	-1	0.057	4.069	4.069	4.069	4.069	4.069	4.069	4.069	4.069	0	0	0	0	0	0	0	0	0	0	0	0	0	0	0	0	0	0	0	0	0	0	0	0	0	0	0	0	0	0	0	0	0	0	0	0	0	0	0	0	0	0	0	
12/28/2014 12:47:23 AM	0	0	8	15.3	15.45	0	346	3380	4.069	4.0722	0	0	False	-0.25	-0.2483333	-0.2516667	0.25	0	0.2315	32.522	32.534	-1	0.057	4.069	4.069	4.069	4.069	4.069	4.069	4.069	4.069	0	0	0	0	0	0	0	0	0	0	0	0	0	0	0	0	0	0	0	0	0	0	0	0	0	0	0	0	0	0	0	0	0	0	0	0	0	0	0	0	0	0	0	
12/28/2014 12:47:34 AM	0	0	8	15.31	15.45	0	344	3390	4.069	4.0722	0	0	False	-0.25	-0.2516667	-0.2616667	0.25	0	0.2322	32.522	32.534	-1	0.057	4.069	4.069	4.069	4.069	4.069	4.069	4.069	4.069	0	0	0	0	0	0	0	0	0	0	0	0	0	0	0	0	0	0	0	0	0	0	0	0	0	0	0	0	0	0	0	0	0	0	0	0	0	0	0	0	0	0	0	
12/28/2014 12:47:44 AM	0	0	8	15.31	15.45	0	348	3401	4.069	4.0722	0	0	False	-0.2483333	-0.2483333	-0.2433333	0.25	0	0.2329	32.522	32.534	-1	0.057	4.069	4.069	4.069	4.069	4.069	4.069	4.069	4.069	0	0	0	0	0	0	0	0	0	0	0	0	0	0	0	0	0	0	0	0	0	0	0	0	0	0	0	0	0	0	0	0	0	0	0	0	0	0	0	0	0	0	0	
12/28/2014 12:47:54 AM	0	0	8	15.31	15.45	0	346	3411	4.069	4.0722	0	0	False	-0.2516667	-0.2483333	-0.2533333	0.25	0	0.2336	32.522	32.534	-1	0.057	4.069	4.069	4.069	4.069	4.069	4.069	4.069	4.069	0	0	0	0	0	0	0	0	0	0	0	0	0	0	0	0	0	0	0	0	0	0	0	0	0	0	0	0	0	0	0	0	0	0	0	0	0	0	0	0	0	0	0	
12/28/2014 12:48:04 AM	0	0	8	15.31	15.45	0	344	3421	4.069	4.0722	0	0	False	-0.2516667	-0.2533333	-0.2533333	0.25	0	0.2343	32.522	32.534	-1	0.057	4.069	4.069	4.069	4.069	4.069	4.069	4.069	4.069	0	0	0	0	0	0	0	0	0	0	0	0	0	0	0	0	0	0	0	0	0	0	0	0	0	0	0	0	0	0	0	0	0	0	0	0	0	0	0	0	0	0	0	
12/28/2014 12:48:14 AM	0	0	8	15.31	15.45	0	342	3431	4.069	4.0722	0	0	False	-0.25	-0.2533333	-0.2483333	0.25	0	0.235	32.522	32.534	-1	0.057	4.069	4.069	4.069	4.069	4.069	4.069	4.069	4.069	0	0	0	0	0	0	0	0	0	0	0	0	0	0	0	0	0	0	0	0	0	0	0	0	0	0	0	0	0	0	0	0	0	0	0	0	0	0	0	0	0	0	0	
12/28/2014 12:48:24 AM	0	0	8	15.31	15.45	0	348	3441	4.069	4.0722	0	0	False	-0.2516667	-0.2483333	-0.2533333	0.25	0	0.2357	32.522	32.534	-1	0.057	4.069	4.069	4.069	4.069	4.069	4.069	4.069	4.069	0	0	0	0	0	0	0	0	0	0	0	0	0	0	0	0	0	0	0	0	0	0	0	0	0	0	0	0	0	0	0	0	0	0	0	0	0	0	0	0	0	0	0	
12/28/2014 12:48:34 AM	0	0	8	15.3	15.45	0	340	3451	4.069	4.0721	0	0	False	-0.2516667	-0.2516667	-0.235	0.25	0	0.2364	32.522	32.534	-1	0.057	4.069	4.069	4.069	4.069	4.069	4.069	4.069	4.069	0	0	0	0	0	0	0	0	0	0	0	0	0	0	0	0	0	0	0	0	0	0	0	0	0	0	0	0	0	0	0	0	0	0	0	0	0	0	0	0	0	0	0	
12/28/2014 12:48:45 AM	0	0	8	15.31	15.45	0	350	3461	4.068	4.0719	0	0	False	-0.25	-0.25	-0.2533333	0.25	0	0.2371	32.522	32.532	-1	0.046	4.068	4.068	4.068	4.068	4.068	4.068	4.068	4.068	0	0	0	0	0	0	0	0	0	0	0	0	0	0	0	0	0	0	0	0	0	0	0	0	0	0	0	0	0	0	0	0	0	0	0	0	0	0	0	0	0	0	0	
12/28/2014 12:48:55 AM	0	0	8	15.31	15.45	0	348	3471	4.068	4.0715	0	0	False	-0.2483333	-0.25	-0.2533333	0.25	0	0.2378	32.522	32.532	-1	0.046	4.068	4.068	4.068	4.068	4.068	4.068	4.068	4.068	0	0	0	0	0	0	0	0	0	0	0	0	0	0	0	0	0	0	0	0	0	0	0	0	0	0	0	0	0	0	0	0	0	0	0	0	0	0	0	0	0	0	0	
12/28/2014 12:49:05 AM	0	0	8	15.31	15.44	0	338	3481	4.068	4.071	0	0	False	-0.2516667	-0.2533333	-0.2433333	0.25	0	0.2385	32.522	32.531	-1	0.046	4.068	4.068	4.068	4.068	4.068	4.068	4.068	4.068	0	0	0	0	0	0	0	0	0	0	0	0	0	0	0	0	0	0	0	0	0	0	0	0	0	0	0	0	0	0	0	0	0	0	0	0	0	0	0	0	0	0	0	
12/28/2014 12:49:15 AM	0	0	8	15.31	15.44	0	346	3491	4.068	4.071	0	0	False	-0.2516667	-0.2516667	-0.2533333	0.25	0	0.2392	32.522	32.528	-1	0.046	4.068	4.068	4.068	4.068	4.068	4.068	4.068	4.068	0	0	0	0	0	0	0	0	0	0	0	0	0	0	0	0	0	0	0	0	0	0	0	0	0	0	0	0	0	0	0	0	0	0	0	0	0	0	0	0	0	0	0	
12/28/2014 12:49:25 AM	0	0	8	15.31	15.44	0	344	3501	4.068	4.071	0	0	False	-0.2516667	-0.25	-0.2433333	0.25	0	0.2399	32.511	32.522	-1	0.057	4.068	4.068	4.068	4.068	4.068	4.068	4.068	4.068	0	0	0	0	0	0	0	0	0	0	0	0	0	0	0	0	0	0	0	0	0	0	0	0	0	0	0	0	0	0	0	0	0	0	0	0	0	0	0	0	0	0	0	
12/28/2014 12:49:35 AM	0	0	8	15.31	15.44	0	346	3511	4.068	4.071	0	0	False	-0.25	-0.2533333	-0.2483333	0.25	0	0.2407	32.511	32.522	-1	0.046	4.068	4.068	4.068	4.068	4.068	4.068	4.068	4.068	0	0	0	0	0	0	0	0	0	0	0	0	0	0	0	0	0	0	0	0	0	0	0	0	0	0	0	0	0	0	0	0	0	0	0	0	0	0	0	0	0	0	0	
12/28/2014 12:49:45 AM	0	0	8	15.31	15.44	0	344	3522	4.068	4.071	0	0	False	-0.2516667	-0.2516667	-0.2483333	0.25	0	0.2414	32.511	32.522	-1	0.046	4.068	4.068	4.068	4.068	4.068	4.068	4.068	4.068	0	0	0	0	0	0	0	0	0	0	0	0	0	0	0	0	0	0	0	0	0	0	0	0	0	0	0	0	0	0	0	0	0	0	0	0	0	0	0	0	0	0	0	
12/28/2014 12:49:56 AM	0	0	8	15.3	15.44	0	350	3532	4.068	4.071	0	0	False	-0.25	-0.25	-0.2516667	0.25	0	0.2421	32.511	32.522	-1	0.057	4.068	4.068	4.068	4.068	4.068	4.068	4.068	4.068	0	0	0	0	0	0	0	0	0	0	0	0	0	0	0	0	0	0	0	0	0	0	0	0	0	0	0	0	0	0	0	0	0	0	0	0	0	0	0	0	0	0	0	
12/28/2014 12:50:06 AM	0	0	8	15.31	15.44	0	346	3542	4.068	4.071	0	0	False	-0.25	-0.2516667	-0.2433333	0.25	0	0.2428	32.511	32.522	-1	0.057	4.068	4.068	4.068	4.068	4.068	4.068	4.068	4.068	0	0	0	0	0	0	0	0	0	0	0	0	0	0	0	0	0	0	0	0	0	0	0	0	0	0	0	0	0	0	0	0	0	0	0	0	0	0	0	0	0	0	0	
12/28/2014 12:50:16 AM	0	0	8	15.31	15.44	0	344	3552	4.068	4.0709	0	0	False	-0.2516667	-0.2516667	-0.2483333	0.25	0	0.2435	32.511	32.522	-1	0.057	4.068	4.068	4.068	4.068	4.068	4.068	4.068	4.068	0	0	0	0	0	0	0	0	0	0	0	0	0	0	0	0	0	0	0	0	0	0	0	0	0	0	0	0	0	0	0	0	0	0	0	0	0	0	0	0	0	0	0	
12/28/2014 12:50:26 AM	0	0	8	15.31	15.45	0	342	3562	4.068	4.0709	0	0	False	-0.2516667	-0.25	-0.2433333	0.25	0	0.2442	32.511	32.522	-1	0.046	4.068	4.068	4.068	4.068	4.068	4.068	4.068	4.068	0	0	0	0	0	0	0	0	0	0	0	0	0	0	0	0	0	0	0	0	0	0	0	0	0	0	0	0	0	0	0	0	0	0	0	0	0	0	0	0	0	0	0	
12/28/2014 12:50:36 AM	0	0	8	15.31	15.45	0	348	3572	4.067	4.0709	0	0	False	-0.25	-0.2483333	-0.2483333	0.25	0	0.2449	32.511	32.522	-1	0.057	4.067	4.067	4.067	4.067	4.067	4.067	4.067	4.067	0	0	0	0	0	0	0	0	0	0	0	0	0	0	0	0	0	0	0	0	0	0	0	0	0	0	0	0	0	0	0	0	0	0	0	0	0	0	0	0	0	0	0	
12/28/2014 12:50:46 AM	0	0	8	15.31	15.45	0	352	3582	4.067	4.0709	0	0	False	-0.2516667	-0.2483333	-0.2483333	0.25	0	0.2456	32.511	32.522	-1	0.057	4.067	4.067	4.067	4.067	4.067	4.067	4.067	4.067	0	0	0	0	0	0	0	0	0	0	0	0	0	0	0	0	0	0	0	0	0	0	0	0	0	0	0	0	0	0	0	0	0	0	0	0	0	0	0	0	0	0	0	
12/28/2014 12:50:56 AM	0	0	8	15.3	15.44	0	346	3592	4.067	4.0709	0	0	False	-0.25	-0.25	-0.2483333	0.25	0	0.2463	32.511	32.522	-1	0.046	4.067	4.067	4.067	4.067	4.067	4.067	4.067	4.067	0	0	0	0	0	0	0	0	0	0	0	0	0	0	0	0	0	0	0	0	0	0	0	0	0	0	0	0	0	0	0	0	0	0	0	0	0	0	0	0	0	0	0	
12/28/2014 12:51:07 AM	0	0	8	15.31	15.44	0	348	3602	4.067	4.0701	0	0	False	-0.25	-0.25	-0.2616667	0.25	0	0.247	32.511	32.522	-1	0.046	4.067	4.067	4.067	4.067	4.067	4.067	4.067	4.067	0	0	0	0	0	0	0	0	0	0	0	0	0	0	0	0	0	0	0	0	0	0	0	0	0	0	0	0	0	0	0	0	0	0	0	0	0	0	0	0	0	0	0	
12/28/2014 12:51:17 AM	0	0	8	15.3	15.45	0	346	3612	4.067	4.0697	0	0	False	-0.2483333	-0.2516667	-0.2516667	0.25	0	0.2476	32.511	32.522	-1	0.046	4.067	4.067	4.067	4.067	4.067	4.067	4.067	4.067	0	0	0	0	0	0	0	0	0	0	0	0	0	0	0	0	0	0	0	0	0	0	0	0	0	0	0	0	0	0	0	0	0	0	0	0	0	0	0	0	0	0	0	
12/28/2014 12:51:27 AM	0	0	8	15.31	15.44	0	344	3622	4.067	4.0697	0	0	False	-0.25	-0.25	-0.2516667	0.25	0	0.2484	32.511	32.522	-1	0.046	4.067	4.067	4.067	4.067	4.067	4.067	4.067	4.067	0	0	0	0	0	0	0	0	0	0	0	0	0	0	0	0	0	0	0	0	0	0	0	0	0	0	0	0	0	0	0	0	0	0	0	0	0	0	0	0	0	0	0	
12/28/2014 12:51:37 AM	0	0	8	15.31	15.44	0	344	3633	4.067	4.0697	0	0	False	-0.2516667	-0.25	-0.2433333	0.25	0	0.2491	32.511	32.519	-1	0.046	4.067	4.067	4.067	4.067	4.067	4.067	4.067	4.067	0	0	0	0	0	0	0	0	0	0	0	0	0	0	0	0	0	0	0	0	0	0	0	0	0	0	0	0	0	0	0	0	0	0	0	0	0	0	0	0	0	0	0	
